%% Created using Papers on Mon, 11 Jul 2016.
%% http://papersapp.com/papers/

@article{McKinley:2002wt,
  author =       {McKinley, G H and Sridhar, T},
  title =        {{Filament-stretching rheometry of complex fluids}},
  journal =      {Annual Review of Fluid Mechanics},
  year =         2002,
  doi =          {10.1146/annurev.fluid.34.083001.125207},
}

@article{Fattal:2005fz,
  author =       {Fattal, Raanan and Kupferman, Raz},
  title =        {{Time-dependent simulation of viscoelastic flows at
                  high Weissenberg number using the log-conformation
                  representation}},
  journal =      {Journal of Non Newtonian Fluid Mechanics},
  year =         2005,
  volume =       126,
  number =       1,
  pages =        {23--37},
  month =        jan,
  doi =          {10.1016/j.jnnfm.2004.12.003},
}

@article{Lu:2011jh,
  author =       {Lu, Zuliang and Zhang, Hongwei},
  title =        {{A V-cycle multigrid method for a viscoelastic fluid
                  flow satisfying an Oldroyd-B-type constitutive
                  equation}},
  journal =      {Numer. Analys. Appl.},
  year =         2011,
  volume =       1,
  number =       1,
  pages =        {69--78},
  month =        mar,
  doi =          {10.1134/S1995423908010072},
}

@incollection{GUY:2015kn,
  author =       {Guy, Robert D and Thomases, Becca},
  title =        {{Computational Challenges for Simulating Strongly
                  Elastic Flows in Biology}},
  booktitle =    {Complex Fluids in Biological Systems},
  year =         2014,
  pages =        {359--397},
  publisher =    {Springer New York},
  address =      {New York, NY},
  month =        oct,
  doi =          {10.1007/978-1-4939-2065-5_10},
}

@article{Howell:2007vx,
  author =       {Howell, J S},
  title =        {{Numerical approximation of shear-thinning and
                  Johnson-Segalman viscoelastic fluid flows}},
  year =         2007,
  pages =        {1--152},
  publisher =    {Clemson University},
  url =
                  {http://people.clarkson.edu/~jhowell/math/jshthesis.pdf},
}

@article{Castilloa:vi,
  author =       {Castilloa, E and Codinab, R},
  title =        {{Finite Element Approximation of the Viscoelastic
                  Flow Problem: A non-Residual Based Stabilized
                  Formulation}},
  journal =      {researchgate.net },
  url =
                  {https://www.researchgate.net/profile/Ernesto_Castillo3/publication/296702167_Finite_Element_Approximation_of_the_Viscoelastic_Flow_Problem_A_non-Residual_Based_Stabilized_Formulation/links/56d96c2e08aee73df6cf525a.pdf},
}

@article{Rognes:2010vh,
  author =       {Rognes, M E and Winther, Ragnar},
  title =        {{Mixed finite element methods for linear
                  viscoelasticity using weak symmetry}},
  journal =      {{\ldots} Models and Methods in Applied Sciences},
  year =         2010,
  doi =          {10.1142/S0218202510004490},
}

@article{Hron:2014bk,
  author =       {Hron, Jaroslav and Rajagopal, K R and T{\r u}ma,
                  Karel},
  title =        {{Flow of a Burgers fluid due to time varying loads
                  on deforming boundaries}},
  journal =      {Journal of Non Newtonian Fluid Mechanics},
  year =         2014,
  volume =       210,
  pages =        {66--77},
  month =        aug,
  doi =          {10.1016/j.jnnfm.2014.05.005},
}

@article{Guenette:1995ug,
  author =       {Gu{\'e}nette, R and Fortin, M},
  title =        {{A new mixed finite element method for computing
                  viscoelastic flows}},
  journal =      {Journal of Non Newtonian Fluid Mechanics},
  year =         1995,
  rating =       0,
  url =
                  {http://www.sciencedirect.com/science/article/pii/0377025795013723},
}

@article{Amoreira:2010gh,
  author =       {Amoreira, L J and Oliveira, P J},
  title =        {{Comparison of different formulations for the
                  numerical calculation of unsteady incompressible
                  viscoelastic fluid flow}},
  journal =      {Adv. Appl. Math. Mech},
  year =         2010,
  doi =          {10.4208/aamm.10-m1010},
}

@article{Cheddadi:2013dm,
  author =       {Cheddadi, I and Saramito, P},
  title =        {{Journal of Non-Newtonian Fluid Mechanics}},
  journal =      {Journal of Non Newtonian Fluid Mechanics},
  year =         2013,
  volume =       202,
  number =       {C},
  pages =        {13--21},
  month =        dec,
  publisher =    {Elsevier B.V.},
  doi =          {10.1016/j.jnnfm.2013.09.004},
}

@book{PhanThien:2012ug,
  author =       {Phan-Thien, Nhan},
  title =        {{Understanding Viscoelasticity}},
  publisher =    {Springer},
  year =         2012,
  series =       {An Introduction to Rheology},
  month =        dec,
  isbn =         9783642329586,
}

@book{Siginer:2014jo,
  author =       {Siginer, Dennis A},
  title =        {{Stability of Non-Linear Constitutive Formulations
                  for Viscoelastic Fluids}},
  publisher =    {Springer International Publishing},
  year =         2014,
  series =       {SpringerBriefs in Applied Sciences and Technology},
  address =      {Cham},
  doi =          {10.1007/978-3-319-02417-2},
}

@article{Bonito:2006hd,
  author =       {Bonito, Andrea and Picasso, Marco and Laso, Manuel},
  title =        {{Numerical simulation of 3D viscoelastic flows with
                  free surfaces}},
  journal =      {Journal of Computational Physics},
  year =         2006,
  volume =       215,
  number =       2,
  pages =        {691--716},
  month =        jul,
  doi =          {10.1016/j.jcp.2005.11.013},
}

@article{Li:2010ge,
  author =       {Li, Xikui and Han, Xianhong and Wang, Xuanping},
  title =        {{Comput. Methods Appl. Mech. Engrg.}},
  journal =      {Comput. Methods Appl. Mech. Engrg.},
  year =         2010,
  volume =       199,
  number =       {9-12},
  pages =        {570--581},
  month =        jan,
  publisher =    {Elsevier B.V.},
  doi =          {10.1016/j.cma.2009.10.010},
}

@article{Konshin:2016th,
  author =       {Konshin, I N and Olshanskii, M A and Vassilevski, Y
                  V},
  title =        {{An algebraic solver for the Oseen problem with
                  application to hemodynamics}},
  year =         2016,
  url =
                  {http://www.mathematics.uh.edu/docs/math/NASC-preprint-series/2015_2016/Preprint_No16-50.pdf},
}

@book{Marques:2012ho,
  author =       {Marques, Severino P C and Creus, Guillermo J},
  title =        {{Computational Viscoelasticity}},
  publisher =    {Springer Berlin Heidelberg},
  year =         2012,
  series =       {SpringerBriefs in Applied Sciences and Technology},
  address =      {Berlin, Heidelberg},
  doi =          {10.1007/978-3-642-25311-9},
}

@article{Konshin:2015tn,
  author =       {Konshin, Igor N and Olshanskii, M A and Vassilevski,
                  Yuri V},
  title =        {{ILU Preconditioners for Nonsymmetric Saddle-Point
                  Matrices with Application to the Incompressible
                  Navier--Stokes Equations}},
  journal =      {SIAM J. Sci. Comput},
  year =         2015,
  volume =       37,
  number =       5,
  pages =        {A2171--A2197},
  month =        sep,
  doi =          {10.1137/15M1012311},
}

@article{Zhou:2016cn,
  author =       {Zhou, Shaoling and Hou, Lei},
  title =        {{A weighted least-squares finite element method for
                  Phan-Thien-Tanner viscoelastic fluid}},
  journal =      {Journal of Mathematical Analysis and Applications},
  year =         2016,
  volume =       436,
  number =       1,
  pages =        {66--78},
  doi =          {10.1016/j.jmaa.2015.11.044},
}

@booklet{Bonito:2009wz,
  title =        {{Viscoelastic Flows with Complex Free Surfaces :
                  Numerical Analysis and Simulation}},
  author =       {Bonito, Andrea and Cl{\'e}ment, P and Picasso, M},
  month =        nov,
  year =         2009,
  url =
                  {http://www.math.tamu.edu/~bonito/Papers/2010_BonitoClementPicasso.pdf}
}

@article{Xu:2016ci,
  author =       {Xu, Qinwu and Zhu, Hongyu},
  title =        {{An inverse model and mathematical solution for
                  inferring viscoelastic properties and dynamic
                  deformations of heterogeneous structures}},
  journal =      {Comput. Methods Appl. Mech. Engrg.},
  year =         2016,
  volume =       300,
  pages =        {798--833},
  doi =          {10.1016/j.cma.2015.11.012},
}

@article{Damanik:2010hv,
  author =       {Damanik, H and Hron, Jaroslav and Ouazzi, A and
                  Turek, Stefan},
  title =        {{A monolithic FEM approach for the log-conformation
                  reformulation (LCR) of viscoelastic flow problems}},
  journal =      {Journal of Non Newtonian Fluid Mechanics},
  year =         2010,
  volume =       165,
  number =       {19--20},
  pages =        {1105--1113},
  month =        oct,
  publisher =    {Elsevier B.V.},
  doi =          {10.1016/j.jnnfm.2010.05.008},
}

@incollection{Bonito:2006vc,
  author =       {Bonito, Andrea and Burman, Erik},
  title =        {{A face penalty method for the three fields Stokes
                  equation arising from Oldroyd-B viscoelastic flows}},
  booktitle =    {Numerical Mathematics and Advanced Applications},
  year =         2006,
  pages =        {487--494},
  publisher =    {Springer, Berlin},
  doi =          {10.1007/978-3-540-34288-5_44},
}

@article{BANGTSSON:2008wk,
  author =       {BANGTSSON, E},
  title =        {{Preconditioning of nonsymmetric saddle point
                  systems as arising in modelling of viscoelastic
                  problems}},
  journal =      {Electron. Trans. Numer. Anal.},
  year =         2008,
  volume =       29,
  pages =        {193--211},
  url =
                  {http://www.emis.ams.org/journals/ETNA/vol.29.2007-2008/pp193-211.dir/pp193-211.pdf},
}

@article{Kane:2009bu,
  author =       {Kane, A and Gu{\'e}nette, R and Fortin, A},
  title =        {{A comparison of four implementations of the
                  log-conformation formulation for viscoelastic fluid
                  flows}},
  journal =      {Journal of Non Newtonian Fluid Mechanics},
  year =         2009,
  volume =       164,
  number =       {1-3},
  pages =        {45--50},
  month =        dec,
  doi =          {10.1016/j.jnnfm.2009.08.003},
}

@article{Coronado2006132,
  title =        "Four-field Galerkin/least-squares formulation for
                  viscoelastic fluids ",
  journal =      "Journal of Non-Newtonian Fluid Mechanics ",
  volume =       140,
  number =       "1–3",
  pages =        "132 - 144",
  year =         2006,
  doi =          "http://dx.doi.org/10.1016/j.jnnfm.2006.03.016",
  author =       "Oscar M. Coronado and Dhruv Arora and Marek Behr and
                  Matteo Pasquali",
}

@article{Saramito:un,
  title =        {{On a modified non-singular log-conformation
                  formulation for Johnson--Segalman viscoelastic
                  fluids}},
  journal =      {Journal of Non Newtonian Fluid Mechanics},
  year =         2014,
  volume =       211,
  pages =        {16--30},
  doi =          {10.1016/j.jnnfm.2014.06.008},
}

@article{Coronado:2006jd,
  author =       {Coronado, Oscar M and Arora, M B D and Behr, M and
                  Pasquali, Matteo},
  title =        {{Four-field Galerkin/least-squares formulation for
                  viscoelastic fluids}},
  journal =      {Journal of Non Newtonian Fluid Mechanics},
  year =         2006,
  volume =       140,
  number =       {1-3},
  pages =        {132--144},
  month =        dec,
  doi =          {10.1016/j.jnnfm.2006.03.016},
}

@article{Kwack:2010ht,
  author =       {Kwack, JaeHyuk and Masud, Arif},
  title =        {{A three-field formulation for incompressible
                  viscoelastic fluids}},
  journal =      {International Journal of Engineering Science},
  year =         2010,
  volume =       48,
  number =       11,
  pages =        {1413--1432},
  month =        nov,
  doi =          {10.1016/j.ijengsci.2010.09.007},
}

@article{Gerritsma:2006ds,
  author =       {Gerritsma, Marc I},
  title =        {{Direct Minimization of the Discontinuous
                  Least-Squares Spectral Element Method for
                  Viscoelastic Fluids}},
  journal =      {Journal of Scientific Computing},
  year =         2006,
  volume =       27,
  number =       {1-3},
  pages =        {245--256},
  month =        mar,
  doi =          {10.1007/s10915-005-9042-z},
}

@article{Rognes:2010eba,
  author =       {Rognes, M E and Winther, Ragnar},
  title =        {{Mixed finite element methods for linear
                  viscoelasticity using weak symmetry}},
  journal =      {Math Mod Meth Appl S},
  year =         2010,
  volume =       20,
  number =       06,
  pages =        {955--985},
  publisher =    {World Scientific},
  doi =          {10.1142/S0218202510004490},
}

@article{Giorla:2014vd,
  author =       {Giorla, A B and Scrivener, K L},
  title =        {{Finite elements in space and time for the analysis
                  of generalised visco-elastic materials}},
  journal =      {International Journal for {\ldots}},
  year =         2014,
  doi =          {10.1002/nme.4598},
}

@article{Areias:2008bk,
  author =       {Areias, Pedro and Matou{\v s}, Karel},
  title =        {{Finite element formulation for modeling nonlinear
                  viscoelastic elastomers}},
  journal =      {Computer Methods in Applied Mechanics and
                  Engineering},
  year =         2008,
  volume =       197,
  number =       {51-52},
  pages =        {4702--4717},
  month =        oct,
  doi =          {10.1016/j.cma.2008.06.015},
}

@article{Castillo:2015gn,
  author =       {Castillo, E and Codina, Ramon},
  title =        {{First, second and third order fractional step
                  methods for the three-field viscoelastic flow
                  problem}},
  journal =      {Journal of Computational Physics},
  year =         2015,
  volume =       296,
  pages =        {113--137},
  month =        sep,
  doi =          {10.1016/j.jcp.2015.04.027},
}

@article{Ervin:2008gu,
  author =       {Ervin, V J and Howell, J S and Lee, Hyesuk},
  title =        {{A two-parameter defect-correction method for
                  computation of steady-state viscoelastic fluid
                  flow}},
  journal =      {Applied Mathematics and Computation},
  year =         2008,
  volume =       196,
  number =       2,
  pages =        {818--834},
  month =        mar,
  doi =          {10.1016/j.amc.2007.07.014},
}

@article{Gross:2009dz,
  author =       {Gross, M and Betsch, P},
  title =        {{Energy-momentum consistent finite element
                  discretization of dynamic finite viscoelasticity}},
  journal =      {International Journal for numerical methods in
                  engineering},
  year =         2009,
  pages =        {n/a--n/a},
  doi =          {10.1002/nme.2729},
}

@article{Donev:2014ko,
  author =       {Donev, I G and Reddy, B Daya},
  title =        {{Time-dependent finite element simulations of a
                  shear-thinning viscoelastic fluid with application
                  to blood flow}},
  journal =      {International Journal for numerical methods in
                  fluids},
  year =         2014,
  volume =       75,
  number =       9,
  pages =        {668--686},
  doi =          {10.1002/fld.3914},
}

@article{Adams:2008fh,
  author =       {Adams, J M and Fielding, S M and Olmsted, P D},
  title =        {{The interplay between boundary conditions and flow
                  geometries in shear banding: Hysteresis, band
                  configurations, and surface transitions}},
  journal =      {Journal of Non Newtonian Fluid Mechanics},
  year =         2008,
  volume =       151,
  number =       {1-3},
  pages =        {101--118},
  month =        may,
  doi =          {10.1016/j.jnnfm.2008.01.008},
}

@article{Anand:2016dc,
  author =       {Anand, Lallit},
  title =        {{A theory for non-Newtonian viscoelastic polymeric
                  liquids}},
  journal =      {International Journal of Plasticity},
  year =         2016,
  volume =       83,
  pages =        {273--301},
  month =        aug,
  doi =          {10.1016/j.ijplas.2016.04.015},
}

@article{Martens:2012by,
  author =       {Martens, Kirsten and Bocquet, Lyd{\'e}ric and
                  Barrat, Jean-Louis},
  title =        {{Spontaneous formation of permanent shear bands in a
                  mesoscopic model of flowing disordered matter}},
  journal =      {Soft Matter},
  year =         2012,
  volume =       8,
  number =       15,
  pages =        4197,
  doi =          {10.1039/c2sm07090a},
}

@article{Cai:2007tn,
  author =       {Cai, Z and Wang, Y},
  title =        {{A multigrid method for the pseudostress formulation
                  of Stokes problems}},
  journal =      {SIAM J. Sci. Comput},
  year =         2007,
  doi =          {10.1137/060661429}
}

@article{Divoux:2015kz,
  author =       {Divoux, Thibaut and Fardin, Marc A and Manneville,
                  S{\'e}bastien and Lerouge, Sandra},
  title =        {{Shear Banding of Complex Fluids}},
  journal =      {arXiv},
  year =         2015,
  eprint =       {1503.04130v1},
  eprinttype =   {arxiv},
  eprintclass =  {cond-mat.soft},
  month =        mar,
  doi =          {10.1146/annurev-fluid-122414-034416},
}

@article{CarneirodeAraujo:2010fj,
  author =       {Carneiro de Araujo, J H and Gomes, P D and Ruas, V},
  title =        {{Study of a finite element method for the
                  time-dependent generalized Stokes system associated
                  with viscoelastic flow}},
  journal =      {Journal of Computational and Applied Mathematics},
  year =         2010,
  volume =       234,
  number =       8,
  pages =        {2562--2577},
  month =        aug,
  doi =          {10.1016/j.cam.2010.03.025},
}

@article{Comminal:2015hj,
  author =       {Comminal, Rapha{\"e}l and Spangenberg, Jon and
                  Hattel, Jesper Henri},
  title =        {{Robust simulations of viscoelastic flows at high
                  Weissenberg numbers with the
                  streamfunction/log-conformation formulation}},
  journal =      {Journal of Non Newtonian Fluid Mechanics},
  year =         2015,
  volume =       223,
  pages =        {37--61},
  month =        sep,
  doi =          {10.1016/j.jnnfm.2015.05.003},
}

@article{Castillo:2009hl,
  author =       {Castillo, Zenaida and Xie, Xueying and Sorensen,
                  Danny C and Embree, Mark and Pasquali, Matteo},
  title =        {{Parallel solution of large-scale free surface
                  viscoelastic flows via sparse approximate inverse
                  preconditioning}},
  journal =      {Journal of Non Newtonian Fluid Mechanics},
  year =         2009,
  volume =       157,
  number =       {1-2},
  pages =        {44--54},
  month =        mar,
  doi =          {10.1016/j.jnnfm.2008.09.005},
}

@article{Knechtges:2015vy,
  author =       {Knechtges, Philipp},
  title =        {{The fully-implicit log-conformation formulation and
                  its application to three-dimensional flows}},
  journal =      {arXiv},
  year =         2015,
  eprint =       {1503.03863v1},
  eprinttype =   {arxiv},
  eprintclass =  {math.NA},
  number =       {C},
  pages =        {209--220},
  doi =          {10.1016/j.jnnfm.2015.07.004},
}

@article{Tsai:1995tf,
  author =       {Tsai, C C and Liu, T J},
  title =        {{Comparison of three solvers for viscoelastic fluid
                  flow problems}},
  journal =      {Journal of Non Newtonian Fluid Mechanics},
  year =         1995,
  doi =          {10.1016/0377-0257(95)01397-8}
}

@article{Saramito:2014bl,
  author =       {Saramito, P},
  title =        {{On a modified non-singular log-conformation
                  formulation for Johnson--Segalman viscoelastic
                  fluids}},
  journal =      {Journal of Non Newtonian Fluid Mechanics},
  year =         2014,
  volume =       211,
  pages =        {16--30},
  month =        sep,
  doi =          {10.1016/j.jnnfm.2014.06.008},
}

@article{Liang:2015kf,
  author =       {Liang, Zhao-Zheng and Zhang, Guo-Feng},
  title =        {{On PSS-based constraint preconditioners for
                  singular nonsymmetric saddle point problems}},
  journal =      {Comput Math Appl},
  year =         2015,
  volume =       69,
  number =       6,
  pages =        {455--465},
  month =        mar,
  doi =          {10.1016/j.camwa.2015.01.005},
}

@article{Zhou:2015kh,
  author =       {Zhou, Shaoling and Hou, Lei},
  title =        {{Decoupled algorithm for solving Phan-Thien--Tanner
                  viscoelastic fluid by finite element method}},
  journal =      {Comput Math Appl},
  year =         2015,
  volume =       69,
  number =       5,
  pages =        {423--437},
  month =        mar,
  doi =          {10.1016/j.camwa.2015.01.006},
}

@article{Hemingway:2015jk,
  author =       {Hemingway, E J and Cates, M E and Fielding, S M},
  title =        {{Viscoelastic and elastomeric active matter: Linear
                  instability and nonlinear dynamics}},
  journal =      {arXiv},
  year =         2015,
  eprint =       {1512.04440v2},
  eprinttype =   {arxiv},
  eprintclass =  {cond-mat.soft},
  month =        dec,
  doi =          {10.1103/PhysRevE.93.032702},
}

@article{Fielding:2010bw,
  author =       {Fielding, Suzanne M},
  title =        {{Viscoelastic Taylor-Couette Instability of Shear
                  Banded Flow}},
  journal =      {Phys. Rev. Lett.},
  year =         2010,
  volume =       104,
  number =       19,
  pages =        198303,
  month =        may,
  doi =          {10.1103/PhysRevLett.104.198303},
}

@article{Kruger:2015cd,
  author =       {Kr{\"u}ger, M and Gross, M and Betsch, P},
  title =        {{An energy-entropy-consistent time stepping scheme
                  for nonlinear thermo-viscoelastic continua}},
  journal =      {Z. angew. Math. Mech.},
  year =         2015,
  volume =       96,
  number =       2,
  pages =        {141--178},
  month =        jan,
  doi =          {10.1002/zamm.201300268},
}

@article{Guo:2015ib,
  author =       {Guo, Yingwen and He, Yinnian},
  title =        {{An efficient and accurate fully discrete finite
                  element method for unsteady incompressible Oldroyd
                  fluids with large time step}},
  journal =      {International Journal for numerical methods in
                  fluids},
  year =         2015,
  volume =       80,
  number =       6,
  pages =        {375--394},
  month =        sep,
  doi =          {10.1002/fld.4084},
}

@article{Bonvin:2001td,
  author =       {Bonvin, J and Picasso, M and Stenberg, R},
  title =        {{GLS and EVSS methods for a three-field Stokes
                  problem arising from viscoelastic flows}},
  journal =      {Computer Methods in Applied Mechanics and
                  Engineering},
  year =         2001,
  pages =        {1--22},
  doi =          {10.1016/S0045-7825(00)00307-8}
}

@article{DAvino:2012ex,
  author =       {D'Avino, G and Hulsen, M A and Maffettone, P L},
  title =        {{Decoupled transient schemes for viscoelastic fluid
                  flow with inertia}},
  journal =      {Computers and Fluids},
  year =         2012,
  volume =       66,
  pages =        {183--193},
  month =        aug,
  doi =          {10.1016/j.compfluid.2012.06.023},
}

@article{Knechtges:2014ev,
  author =       {Knechtges, Philipp and Behr, M and Elgeti, Stefanie},
  title =        {{Fully-implicit log-conformation formulation of
                  constitutive laws}},
  journal =      {arXiv},
  year =         2014,
  eprint =       {1406.6988v2},
  eprinttype =   {arxiv},
  eprintclass =  {math.NA},
  number =       {C},
  pages =        {78--87},
  month =        jun,
  doi =          {10.1016/j.jnnfm.2014.09.018},
}

@article{Coronado:2007en,
  author =       {Coronado, Oscar M and Arora, M B D and Behr, M and
                  Pasquali, Matteo},
  title =        {{A simple method for simulating general viscoelastic
                  fluid flows with an alternate log-conformation
                  formulation}},
  journal =      {Journal of Non Newtonian Fluid Mechanics},
  year =         2007,
  volume =       147,
  number =       3,
  pages =        {189--199},
  month =        dec,
  doi =          {10.1016/j.jnnfm.2007.08.005},
}

@article{Chrispell:2009en,
  author =       {Chrispell, J C and Ervin, V J and Jenkins, E W},
  title =        {{A fractional step $\theta$-method approximation of
                  time-dependent viscoelastic fluid flow}},
  journal =      {Journal of Computational and Applied Mathematics},
  year =         2009,
  volume =       232,
  number =       2,
  pages =        {159--175},
  month =        oct,
  publisher =    { Elsevier Science Publishers B. V},
  doi =          {10.1016/j.cam.2009.05.024},
}

@article{Anonymous:VkEgBZvB,
  author =       {Hulsen, Martien A and Fattal, Raanan and Kupferman,
                  Raz},
  title =        {{Flow of viscoelastic fluids past a cylinder at high
                  Weissenberg number: Stabilized simulations using
                  matrix logarithms}},
  journal =      {Journal of Non Newtonian Fluid Mechanics},
  year =         2005,
  volume =       127,
  number =       1,
  pages =        {27--39},
  month =        apr,
  doi =          {10.1016/j.jnnfm.2005.01.002},
}

