@Article{HLR,
	title = {{Wiener Chaos expansions and numerical solutions of randomly forced equations of fluid mechanics}},
	pages = {687--706},
	author = {Hou, T. Y. and Lou, W. and Rozovskii, B. and Zhou, H.},
	journal = {J. Computational Phys.},
	volume = {216},
	year = {2006}
}

@Article{Houston99aposteriori,
    author = {Paul Houston and Rolf Rannacher and Endre Süli and Endre Siili},
    title = {A Posteriori Error Analysis for Stabilised Finite Element Approximations of Transport Problems},
  journal = 	 {Comput. Methods Appl. Mech. Eng.},
    year = 1999,
  volume = 	 { 190},
  number = 	 {11-12},
  pages = 	 { 1483-1508}}

@article{rannacher98,
author="Rannacher, Rolf",
title="{A posteriori error estimation in least-squares stabilized finite element
    schemes.}",
language="English",
journal="Comput. Methods Appl. Mech. Eng. ",
volume="166",
number="1-2",
pages="99-114",
year="1998",
}


@InCollection{Cockburn,
  author = 	 {B. Cockburn},
  title = 	 {An introduction to the discontinuous {G}alerkin method
                 for convection-dominated problems},
  booktitle = 	 {Advanced numerical approximation of nonlinear hyperbolic equations},
  pages = 	 {151-268 },
  publisher = {Berlin: Springer},
  year = 	 1998,
  editor = 	 {A. Quarteroni },
  volume = 	 1697,
  series = 	 {Lect. Notes Math. }
}

@Book{15-FFM,
  author =       "H. Gajewski and K. Gr{\"o}ger and K. Zacharias",
  title =        "Nichtlineare Operatorgleichungen und
                  Operatordifferentialgleichungen ",
  publisher =    "Akademie--Verlag, Berlin",
  year =         1994
}

@InProceedings{18-FFM,
  author =       "T. Ikeda",
  title =        "Maximum Principle in Finite Element Models for
                  Convection--Diffusion Phenomena",
  booktitle =    "Lecture Notes in Numerical and Applied Analysis",
  volume =       4,
  series =       {Mathematics Studies 76},
  publisher =    {North-Holland, Amsterdam -- New York -- Oxford},
  year =         1983
}

@Article{1D-iipg,
  author =       {V. Dolej\v{s}\'{\i} and O. Havle},
  title =        {The $L^2$-optimality of the {IIPG} method for odd
                  degrees of polynomial approximation in 1{D}},
  journal =      {J. Sci. Comput.},
  year =         2010,
  volume =       42,
  number =       1,
  pages =        {122-143}
}

@Article{ABDF,
  author =       {V. Dolej{\v s}{\'\i} and P. K\accent23us},
  title =        {Adaptive backward difference formula -- discontinuous
                  {G}alerkin finite element method for the solution of
                  conservation laws},
  journal =      {Int. J. Numer. Methods Eng.},
  year =         2008,
  volume =       73,
  number =       12,
  pages =        {1739-1766}
}

@InProceedings{ADF89,
  author =       {Arminjon, P. and Dervieux, A. and Fezoui, L. and
                  Steve, H. and Stoufflet, B.},
  title =        {Non-oscillatory schemes for multidimensional {E}uler
                  calculations with unstructured grids},
  booktitle =    {Nonlinear hyperbolic equations--theory, computational
                  methods, and applications},
  pages =        {31-42},
  year =         1989,
  editor =       {Ballmann, J. and Jeltsch, R.},
  volume =       24,
  address =      {Braunschweig},
  organization = {(Proceeding of the Second International Conference on
                  nonlinear Hyperbolic Problems Aachen 1988) Notes on
                  Numerical Fluid Mechanics},
  publisher =    {Vieweg}
}

@Article{ADFK02,
  author =       {S.~Adjerid and D.~Devine and J.~E. Flaherty and
                  L.~Krivodonova},
  title =        {A posteriori error estimation for discontinuous
                  {G}alerkin solutions of hyperbolic problems},
  journal =      {Comput. Methods Appl. Mech. Engrg.},
  year =         2002,
  volume =       191,
  pages =        {1097--1112}
}

@Misc{ADIGMA,
  author =       {ADIGMA},
  title =        {Adaptive Higher-Order Variational Methods for
                  Aerodynamic Appli\-ca\-tions in Industry, {S}pecific
                  {T}argeted {R}esearch {P}roject No. 30719 supported by
                  {E}uropean {C}commison },
  note =         {URL:
                  http://www.dlr.de/as/en/Desktopdefault.aspx/tabid-2035/2979\_read-4582/}
}

@Book{ADIGMA-book,
  editor =       {N. Kroll and H. Bieler and H. Deconinck and
                  V. Couallier and H. van der Ven and K. Sorensen},
  title =        {ADIGMA – A European Initiative on the Development of
                  Adaptive Higher-Order Variational Methods for
                  Aerospace Applications},
  publisher =    {Springer Verlag},
  year =         2010,
  volume =       113,
  series =       {Notes on Numerical Fluid Mechanics and
                  Multidisciplinary Design}
}

@TechReport{ADIGMA_D3.1.9,
  author =       {F. Bassi and S. Rebay},
  title =        {DG using a pseudo-spectral orthogonal bases on
                  unstructured grids, and efficient data structures for
                  DG quadrature},
  institution =  {University of Bergamo},
  year =         2008,
  number =       {D~3.1.9},
  note =         {Sitxth Framework Programme Priority 4 Aeronautics And
                  Space, project ADIGMA No. AST5-CT-2006-030719}
}

@TechReport{ADIGMA_D6.2.1,
  author =       {F. Renac and V. Couaillier},
  title =        {Synthesis report on {MTC} high order scheme results},
  institution =  {ONERA},
  year =         2008,
  number =       {D~6.2.1},
  note =         {Sitxth Framework Programme Priority 4 Aeronautics And
                  Space, project ADIGMA No. AST5-CT-2006-030719}
}

@TechReport{ADIGMA_SC1st,
  author =       {V.~Dolej{\v s}{\'\i}},
  title =        {D~3.3.2~--~Synergy report on status of shock capturing
                  strategies},
  institution =  {University of Prague (UNPR)},
  year =         2008,
  note =         {Sitxth Framework Programme Priority 4 Aeronautics And
                  Space}
}

@TechReport{ADIGMA_SCunstrMesh,
  author =       {{C.} Altmann and {G.} Gassner and {A.} Taube and
                  {C.-D.} Munz.},
  title =        {D~3.3.9~--~Shock-capturing on unstructured meshes},
  institution =  {University of Stuttgart (UNST)},
  year =         2008,
  note =         {Sitxth Framework Programme Priority 4 Aeronautics And
                  Space}
}

@InProceedings{AKT-PRO-96,
  author =       "M. Feistauer and V. Dolej{\v s}\'\i\ and J. Felcman ",
  title =        "Higher {O}rder {A}daptive {M}ethods for the {S}olution
                  of {T}ransonic {F}lows",
  editor =       "K. Kozel and J. P{\v r}\'\i hoda",
  pages =        "7-8",
  booktitle =    "Aktu\'aln\'\i\ probl\'emy mechaniky tekutin'96",
  year =         1996,
  publisher =    "\'Ustav termomechaniky AV \v CR, Praha"
}

@InProceedings{AKT-PRO-97,
  author =       "V. Dolej{\v s}\'\i",
  title =        "Anisotropic {M}esh {A}daption for {C}ompressible
                  {F}lows",
  editor =       "K. Kozel and J. P\v r\'\i hoda",
  pages =        "13-14",
  booktitle =    "Aktu\'aln\'\i\ probl\'emy mechaniky tekutin'97",
  year =         1997,
  publisher =    "\'Ustav termomechaniky AV \v CR, Praha"
}

@InProceedings{AKT96,
  author =       "M. Feistauer and J. Felcman and V. Dolej{\v s}\'\i",
  title =        "{H}igher {O}r\-der {A}da\-ptive {M}ethods for the
                  {S}olution of {T}ransonic {F}low",
  pages =        "7-8",
  booktitle =    "Aktu\'aln\'\i\ probl\'emy Dynamiky tekutin 1996"
}

@Article{AMA-00,
  author =       {V. Dolej{\v s}{\'\i}},
  title =        {Anisotropic Mesh Adaptation Technique for Viscous Flow
                  Simulation},
  journal =      {East-West J. Numer. Math.},
  year =         2001,
  volume =       9,
  number =       1,
  pages =        "1-24"
}

@InProceedings{AMA-02,
  author =       {V. Dolej{\v s}{\'\i} and J. Felcman},
  title =        {Anisotropic mesh adaptation for transonic and
                  supersonic flow simulation},
  booktitle =    {Algoritmy 2002, $16^{\rm th}$ Conference on Scientific
                  Computing},
  editor =       {A. Handli{\v c}ov\'a and Z. Kriv{\'a} and K. Mikola
                  and D. {\v S}ev{\v c}ovi{\v c}},
  year =         2002,
  publisher =    {Slovak University of Technology, Bratislava},
  pages =        {78-85}
}

@Article{AMA-3D,
  author =       {J. Felcman},
  title =        {Grid refinement--alignment in 3{D} flow computations},
  journal =      {Math. Comput. Simul.},
  year =         2003,
  volume =       {317-331}
}

@Article{AMA-98,
  author =       {V. Dolej{\v s}{\'\i}},
  title =        {Anisotropic mesh adaptation for finite volume and
                  finite element methods on triangular meshes},
  journal =      {Comput. Vis. Sci.},
  year =         1998,
  volume =       1,
  number =       3,
  pages =        "165-178"
}

@Article{AMA-99,
  author =       {V. Dolej{\v s}{\'\i} and J. Felcman},
  title =        {Anisotropic mesh adaptation and its application for
                  scalar diffusion equations},
  journal =      {Numer. Methods Partial Differ. Equations},
  year =         2004,
  volume =       20,
  pages =        {576--608}
}

@Article{AMO,
  author =       {G. C. Buscaglia and E. A. Dari},
  title =        {Anisotropic mesh optimization and its application in
                  adaptivity},
  journal =      {International Journal for Numerical Methods in
                  Engineering},
  year =         1977,
  volume =       40,
  pages =        {4119-4136}
}

@Unpublished{AR93,
  author =       {D. Adam and H.-G. Ross},
  title =        {A nonconforming exponentially field fitted finite
                  element method {I}: {T}he interpolation error.},
  note =         {Preprint MATH-nm-06-1993, Technische Universit{\"a}t
                  Dresden },
  key =          1993
}

@Unpublished{ARFS89,
  author =       {D. Adam and A. Felgenhauer and H.-G. Ross and
                  M. Stynes },
  title =        {A nonconforming finite element method for a singularly
                  perturbed boundary value problem},
  note =         {Preprint, 1992--10, Department of Mathematics,
                  University College, Cork, Ireland},
  year =         1982
}

@Article{AlaErnVohralik10,
  author =       {L. El Alaoui and A. Ern and M. Vohral{\'\i}k},
  title =        {Guaranteed and robust a posteriori error estimates and
                  balancing discretization and linearization errors for
                  monotone nonlinear problems},
  journal =      {Comput. Methods Appl. Mech. Engrg},
  year =         2010,
  note =         {DOI 10.1016/j.cma.2010.03.024}
}

@PhdThesis{Alice_PhD,
  author =       {A. Klikov\'a},
  title =        {Finite volume -- finite element solution of
                  compressible flow},
  school =       {Charles Univeristy, Prague},
  year =         2000
}

@Article{Angot-fracture,
  author =       {P. Angot},
  title =        {A model of fracture for elliptic problems with flux
                  and solution jumps},
  journal =      {C. R. Acad. Sci. Paris, Math.},
  year =         2003,
  volume =       337,
  number =       6,
  pages =        {425--430}
}

@Book{Apel-book,
  author =       {T. Apel},
  title =        {Anisotropic Finite Elements: Local Estimates and
                  Applications},
  publisher =    {Teubner},
  address =      { Stuttgart - Leipzig},
  year =         1999
}

@Article{Aple-Lube1,
  author =       {T. Apel and G. Lube},
  title =        {Anisotropic mesh refinement in stabilzed {G}alerkin
                  methods},
  journal =      {Numer. Math.},
  year =         1996,
  volume =       74,
  pages =        {261-282}
}

@Article{Aple-Lube2,
  author =       {T. Apel and G. Lube},
  title =        {Anisotropic mesh refinement for a singularly perturbed
                  reaction diffusion model problem},
  journal =      {Appl. Numer. Math.},
  year =         1998,
  volume =       26,
  pages =        {415-433}
}

@Article{Arnold,
  author =       {D. N. Arnold},
  title =        {An interior penalty finite element method with
                  discontinuous elements},
  journal =      {SIAM J. Numer. Anal.},
  year =         1982,
  volume =       19,
  number =       4,
  pages =        {742-760}
}

@Article{Arnoldetal,
  author =       {D. N. Arnold and F. Brezzi and B. Cockburn and
                  L. D. Marini},
  title =        {Unified analysis of discontinuous {G}alerkin methods
                  for elliptic problems},
  journal =      {SIAM J. Numer. Anal.},
  year =         2002,
  volume =       39,
  number =       5,
  pages =        {1749-1779}
}

@InProceedings{Arnoldetal0,
  author =       {D. N. Arnold and F. Brezzi and B. Cockburn and
                  L. D. Marini},
  title =        {Discontinuos {G}alerkin methods for elliptic problems},
  booktitle =    {Discontinuous {G}alerkin methods. Theory, computation
                  and applications.},
  pages =        {89--101},
  publisher =    {Berlin, Springer},
  year =         2000,
  editor =       {B. Cockburn and G. E. Karniadakis and C.-W. Schu},
  volume =       11,
  series =       {Lect. Notes Comput. Sci. Eng.}
}

@Article{BAB-sur,
  author =       {I. Babu{\v s}ka and M. Suri},
  title =        {The $p-$ and $hp-${FEM} a survey},
  journal =      {SIAM Review},
  year =         1994,
  volume =       36,
  pages =        {578-632}
}

@Book{BAPRVI,
  author =       {I. Babu\v{s}ka and M. Pr\'ager and E. Vit\'asek},
  title =        {Numerical Processes in Differential Equations},
  publisher =    {SNTL Praha},
  year =         1966
}

@Book{BARTSCH,
  author =       {H. J. Bartsch},
  title =        {Matematick\'e vzorce (The Mathematical Relations)},
  publisher =    {SNTL Praha},
  year =         1965
}

@Article{BDF-FEM,
  author =       {V. Dolej\v{s}\'{\i} and H.-G. Roos},
  title =        {{BDF-FEM} for parabolic singularly perturbed problems
                  with exponential layers on layer-adapted meshes in
                  space},
  journal =      {Neural Parallel Sci. Comput.},
  year =         2010,
  volume =       18,
  number =       2,
  pages =        {221-235}
}

@Article{BDFanal,
  author =       {V. Dolej{\v s}{\'\i} and M. Vlas\'ak},
  title =        {Analysis of a {BDF} -- {DGFE} Scheme for Nonlinear
                  Convection-Diffusion Problems},
  journal =      {Numer. Math.},
  year =         2008,
  volume =       110,
  pages =        {405-447}
}

@Article{BFGH,
  author =       {M. Bej{\v c}ek and M. Feistauer and T. Gallou\"et and
                  J. H{\'a}jek and R. Herbin},
  title =        {Combined triangular FV - triangular FE method for
                  nonlinear convection-diffusion problems},
  journal =      {ZAMM},
  year =         2007,
  volume =       87,
  number =       7,
  pages =        {499-517}
}

@Misc{BJ,
  author =       {Barth, T. J. and Jespersen, D. C.},
  title =        {The design and application of upwind schemes on
                  unstructured meshes},
  howpublished = {AIAA Paper, 89-0366},
  year =         { 1989}
}

@Article{BL,
  author =       "B. Baldwin and H. Lomax",
  title =        "Thin layer approximation and algebraic model for
                  separated turbulent flows",
  journal =      "AIAA Paper",
  year =         1978,
  volume =       78,
  pages =        257
}%,
%  note = 	 {DOI: 10.1007/s10915-009-9319-8}}

@Article{BR-2DGM,
  author =       {F. Bassi and S. Rebay},
  title =        {Numerical evaluation of two discontinuous {G}alerkin
                  methods for the compressible {N}avier--{S}tokes
                  equations},
  journal =      {Int. J. Numer. Methods Fluids},
  year =         2002,
  volume =       40,
  pages =        {197-207}
}

@Article{BaRe97,
  author =       {F. Bassi and S. Rebay},
  title =        {High-order accurate discontinuous finite element
                  solution of the 2{D} {E}uler Equations},
  journal =      {J. Comput. Phys.},
  year =         1997,
  volume =       138,
  pages =        {251-285}
}

@Article{Babuska,
  author =       {I. Babu{\v s}ka and J. Tinsley Oden and C. E. Baumann},
  title =        {A discontinuous {$hp$} finite element method for
                  diffusion Problems: 1-{D} analysis},
  journal =      {Comp. Math. Appl.},
  year =         1999,
  volume =       37,
  pages =        {103-122}
}

@Article{Babuska-Rheinboldt,
  author =       {I. Babu{\v s}ka and W. C. Rheinboldt},
  title =        {A posteriori error estimators for the finite element
                  method},
  journal =      {Internat. J. Numer. Methods Engrg.},
  year =         1978,
  volume =       12,
  pages =        {1597-1615}
}

@Article{Babuska-Suri90,
  author =       {I. Babu{\v s}ka and M. Suri},
  title =        {The $p$- and $hp$- versions of the finite element
                  method.  {A}n overview},
  journal =      {Comput. Methods Appl. Mech. Eng.},
  year =         1990,
  volume =       80,
  pages =        {5-26}
}

@Article{BabuskaSuri87,
  author =       {I. Babu{\v s}ka and M. Suri},
  title =        {The $hp$-version of the finite element method with
                  quasiuniform meshes},
  journal =      {M$^2$AN Math. Model. Numer. Anal.},
  year =         1987,
  volume =       21,
  pages =        {199-238}
}

@Book{Baker,
  author =       {A. J. Baker},
  title =        {Finite Element Computational Fluid Mechanics},
  publisher =    {Hemisphere Publishing Corporation, Washington -- New
                  York--London},
  year =         1983
}

@Article{Bank-Weiser,
  author =       {R. Bank and A. Weiser},
  title =        {Some a posteriori error estimators for elliptic
                  partial differential equations},
  journal =      {Math. Comp.},
  year =         1985,
  volume =       44,
  pages =        {283-301}
}

@InCollection{Bassi-Rebay,
  author =       {F. Bassi and S. Rebay},
  title =        {A high Order Discontinuous {G}alerkin Method for
                  Compressible Turbulent Flow},
  booktitle =    {Discontinuous {G}alerkin Method: Theory, Computations
                  and Applications},
  publisher =    {Springer-Verlag},
  year =         2000,
  editor =       {B. Cockburn and G. E. Karniadakis and C.--W. Shu},
  series =       {Lecture Notes in Computational Science and Engineering
                  11},
  pages =        {113-123}
}

@InProceedings{BassiAl97,
  author =       {F. Bassi and S. Rebay and M. Savini and G. Mariotti
                  and S. Pedinotti},
  title =        {A high-order accurate discontinuous finite element
                  method for inviscid and viscous turbomachinery flow},
  booktitle =    {Proc Second Euro Conf Turbomach Fluid Dynam
                  Thermodynam},
  year =         1997,
  address =      {Antwerpeen, Belgium}
}

@Article{BdV,
  author =       {H. Beirao da Veiga},
  title =        {Stationary motions and the incompressible limit for
                  compressible viscous fluid},
  journal =      {Houston J. Math.},
  year =         1987,
  volume =       13,
  pages =        {327-341}
}

@Article{Beam-Warming76,
  author =       {R. M. Beam and R. F. Warming},
  title =        {An implicit finite-difference algorithm for hyperbolic
                  systems in conservation-law form},
  journal =      {J. Comput. Phys},
  year =         1976,
  volume =       {22,},
  pages =        {87-110}
}

@Article{Beam-Warming78,
  author =       {R. M. Beam and R. F. Warming},
  title =        {An implicit factored scheme for the compressible
                  Navier-Stokes equations},
  journal =      {AIAA J.},
  year =         1978,
  volume =       16,
  pages =        {393-402}
}

@TechReport{BiCGSTAB,
  author =       {P. Birken and J. D. Tebbens and A. Meister and
                  M. T\accent23uma},
  title =        {Preconditioner updates applied to {CFD} model
                  problems},
  institution =  {Universit\"at Kassel},
  year =         2007,
  type =         {Mathematische Schriften Kassel Preprint-Reihe
                  Fachbereich Mathematik/Informatik}
}

@Article{Bit,
  author =       {P. L\"otstedt and S. S\"oderberg and A. Ramage and
                  L. Hemmingsson-Fr\"and\'en},
  title =        {Implicit solution of hyperbolic equations with
                  space-time adaptivity},
  journal =      {BIT},
  year =         2002,
  volume =       42,
  number =       1,
  pages =        {134-158}
}

@InBook{BoDo06,
  author =       {K.~B{\"o}hmer and V. Dolej{\v s}{\'\i}},
  title =        {Numerical Methods for Nonlinear Elliptic Differential
                  Equations},
  chapter =      {DCGMs for Nonlinear Elliptic Differential Equations},
  publisher =    {A synopsis},
  year =         {in preparation}
}

@Book{BrScott,
  author =       {S. Brenner and R. L.  Scott},
  title =        {The Mathematical Theory of Finite Element Methods},
  publisher =    {Spriger, New York},
  year =         1994
}

@InProceedings{Braunschweig,
  author =       {J. Felcman and M. Zoubek},
  title =        {On a bisection method in the 3D adaptation},
  booktitle =    {Proceedings of the { GAMM Workshop} Discrete Modelling
                  and Discrete Algorithms in Continuum Mechanics},
  year =         2001,
  editor =       {Th. Sonar and I. Thomas},
  pages =        {240-249},
  publisher =    {Logos Verlag Berlin},
  organization = {Technische Universit\"at Braunschweig}
}

@Book{Brenner-Scott,
  author =       {S. Brenner and R. L.  Scott},
  title =        {The Mathematical Theory of Finite Element Methods},
  publisher =    {Spriger, New York},
  year =         1994
}

@TechReport{BrezziAl97,
  author =       {F. Brezzi and G. Manzini and D. Marini and P. Pietra
                  and A. Russo},
  title =        {Discontinuous finite elements for diffusion problems},
  institution =  {Milano, Istituto Lombardo di Scienze e Lettere},
  year =         1997,
  note =         {Atti del Convegno in Memoria di F. Brioschi}
}

@Book{BrezziFortin92,
  author =       {F. Brezzi and M. Fortin},
  title =        {Mixed and hybrid finite element methods},
  publisher =    {Springer Verlag, Berlin},
  year =         1992
}

@Article{BurmanErn08,
  author =       {E. Burman and A. Ern},
  title =        {Discontinuous {G}alerkin approximation with discrete
                  variational principle for the nonlinear Laplacian},
  journal =      {Comptes Rendus Mathematique},
  year =         2008,
  volume =       346,
  number =       {17-18},
  pages =        {1013-1016}
}

@Article{C-R,
  author =       "M. Crouzeix and P.-A. Raviart",
  title =        "Conforming and nonconforming finite element methods
                  for solving the stationary {S}tokes equations",
  journal =      "RAIRO, Anal. Num\'er.",
  year =         1973,
  volume =       7,
  pages =        "33-76"
}

@Article{CGJ03b,
  author =       {C. Clavero and J. L. Gracia and J. C. Jorge},
  title =        {A uniformly convergent alternating direction ({HODIE})
                  finite difference scheme for 2{D} time-dependent
                  convection-diffusion problems},
  journal =      {IMA J. Numer. Anal.},
  year =         2006,
  volume =       26,
  pages =        {155-172}
}

@Article{CKPS01,
  author =       {B. Cockburn and G. Kanschat and I. Perugia and
                  D. Sch{\"o}tzau},
  title =        {Superconvergence of the local discontinuous {G}alerkin
                  method for elliptic problems on {C}artesian grids},
  journal =      {SIAM J. Numer. Anal.},
  year =         2001,
  volume =       39,
  pages =        {264-285}
}

@Article{CKSS02,
  author =       {B. Cockburn and G. Kanschat and D. Sch\"otzau and
                  C. Schwab},
  title =        {Local discontinuous {G}alerkin methods for the Stokes
                  system},
  journal =      {SIAM J. Numer. Anal.},
  year =         2002,
  volume =       40,
  number =       1,
  pages =        {319-343}
}

@Article{COCKBURN2,
  author =       {B. Cockburn and C. W. Shu},
  title =        {{TVB} {R}unge--{K}utta local projection discontinuous
                  {G}alerkin finite element for conservation laws {II}:
                  General framework },
  journal =      {Math. Comput.},
  year =         1989,
  volume =       52,
  pages =        {411-435}
}

@Article{COCKBURN3,
  author =       {B. Cockburn and S. Hou and C. W. Shu},
  title =        {Tvb {R}unge-{K}utta local projection discontinuous
                  {G}alerkin finite element method for conservation laws
                  {III}: One dimensional systems},
  journal =      {J. Comput. Phys.},
  year =         1989,
  volume =       84,
  pages =        {90-113}
}

@Article{COCKBURN4,
  author =       {B. Cockburn and S. Hou and C. W. Shu},
  title =        {{TVB} {R}unge-{K}utta local projection discontinuous
                  {G}alerkin finite element for conservation laws {IV}:
                  The multi-dimensional case },
  journal =      {Math. Comp.},
  year =         1990,
  volume =       54,
  pages =        {545-581}
}

@Article{CRM,
  author =       {V. Dolej\v{s}\'{\i}},
  title =        {Discontinuous {G}alerkin Method for the Compressible
                  Flow Simulation},
  journal =      {C. R. Acad. Sci. Paris},
  year =         {},
  note =         {(submitted)}
}

@Manual{CVODE,
  title =        {CVODE User Guide},
  author =       {S. D. Cohen and A. C. Hindmarsh},
  organization = {Lawrence Livermore National Laboratory},
  month =        {September},
  year =         1994,
  note =         {http://www.netlib.org/ode/cvode.tar.gz}
}

@Article{CarstensenKlose03,
  author =       {C. Carstensen and R. Klose},
  title =        {A posteriori finite element error control for
                  $p$-{L}aplace problem},
  journal =      {SIAM J. Sci. Comput.},
  year =         2003,
  volume =       25,
  number =       3,
  pages =        {792-814}
}

@Article{CastilloAl_LDG,
  author =       {P. Castillo and B. Cockburn and I. Perugia and
                  D. Sch{\"o}tzau},
  title =        {An a priori error analysis of the {L}ocal
                  {D}iscontinuous {G}alerkin method for elliptic
                  problems},
  journal =      {SIAM J. Numer. Anal.},
  year =         2000,
  volume =       38,
  number =       5,
  pages =        {1676-1706.}
}

@Article{Castillo_LDG,
  author =       {P. Castillo},
  title =        {A review of the {L}ocal {D}iscontinuous {G}alerkin
                  ({LDG}) method applied to elliptic problems},
  journal =      {Appl. Numer. Math. },
  year =         2006,
  volume =       56,
  pages =        {1307-1313}
}

@Article{ChaillouSuri07,
  author =       {A. Chaillou and M. Suri},
  title =        {A posteriori estimation of the linearization error for
                  strongly monotone nonlinear operators},
  journal =      {J. Comput. Appl. Math.},
  year =         2007,
  volume =       205,
  number =       1,
  pages =        {72-87}
}

@InCollection{Chakravarthy,
  author =       {S. R. Chakravarthy and D. A.  Anderson and
                  M. D. Salas},
  title =        {The split coefficient matrix method for hyperblic
                  systems of gas dynamics equations"},
  booktitle =    {AIAA 19th Aerospace meeting},
  pages =        {AIAA paper 80-0268},
  year =         1980
}

@Article{Chen,
  author =       {H. Chen},
  title =        {Superconvergence properties of discontinuous
                  {G}alerkin methods for two-point boundary value
                  problems},
  journal =      {Int. J. Numer. Anal. Model.},
  year =         2006,
  volume =       3,
  number =       2,
  pages =        {163-185}
}

@Article{CiCP,
  author =       {V. Dolej{\v s}{\'\i}},
  title =        {Semi-implicit Interior Penalty Discontinuous
                  {G}alerkin Methods for Viscous Compressible Flows},
  journal =      {Commun. Comput. Phys.},
  year =         2008,
  volume =       4,
  number =       2,
  pages =        {231-274}
}

@Book{Ciarlet,
  author =       {P. G. Ciarlet},
  title =        {The Finite Elements Method for Elliptic Problems},
  publisher =    {North-Holland, Amsterdam, New York, Oxford},
  year =         1979
}

@Article{CockShu98,
  author =       {B. Cockburn and C.-W. Shu},
  title =        {The local discontinuous {G}alerkin method for
                  time-dependent convection-diffusion systems},
  journal =      {SIAM J. Numer. Anal.},
  year =         1998,
  volume =       35,
  pages =        {2440-2463}
}

@Article{Colombeau-Heibig,
  author =       {J. F. Colombeau and A. Heibig},
  title =        {Nonconservative products in bounded variation
                  functions},
  journal =      {SIAM J. Math. Anal.},
  year =         1992,
  volume =       23,
  number =       4,
  pages =        {941-949}
}

@InProceedings{DEL,
  author =       {B. Delaunay},
  title =        {Sur la sphere vide },
  booktitle =    {Bulletin of Academy of Sciences of the USSR},
  year =         1934,
  pages =        {793-800}
}

@Article{DEO,
  author =       {L. J. Durlofsky and B. Enquist and S. Osher},
  title =        {Triangle based adaptive stencils for the solution of
                  hyperbolic conservation laws},
  journal =      {J. Comput. Phys.},
  year =         1992,
  volume =       98,
  pages =        {64-73}
}

@Article{DF-Fried,
  author =       "V. Dolej{\v s}{\'\i} and M. Feistauer and J. Felcman",
  title =        "On the discrete {F}riedrichs inequality for
                  nonconforming finite elements",
  journal =      {Numer. Funct. Anal. and Optimiz.},
  year =         1999,
  volume =       20,
  number =       {5\&6},
  pages =        {437--447}
}

@Article{DFE,
  author =       {V. Dolej\v{s}\'\i and M. Feistauer and J. Felcman},
  title =        {On the discrete {F}riedrichs Inequality for
                  nonconforming finite elements},
  journal =      {Numerical Functional Analysis and Optimization},
  year =         1999,
  volume =       20,
  number =       {5-6},
  pages =        {437-447}
}

@Article{DFH,
  author =       {V. Dolej{\v s}{\'\i} and M. Feistauer and J. Hozman },
  title =        {Analysis of Semi-Implicit {DGFEM} for Nonlinear
                  Convection-Diffusion Problems},
  journal =      {Comput. Methods Appl. Mech. Engrg.},
  year =         2007,
  volume =       196,
  pages =        {2813--2827}
}

@MastersThesis{DP-Kus,
  author =       {P. K\accent23us},
  title =        {Solution of convection-diffusion equations with the
                  aid of higher order schemes with respect to space and
                  time},
  school =       {Charles University Prague},
  year =         2006
}

@InProceedings{DT99,
  author =       {M. Feistauer and V. Dolej{\v s}\'{\i} and J.Felcman
                  and A.  Klikov\'a },
  title =        {Adaptive mesh refinement for problems of fluid
                  dynamics},
  booktitle =    {Proceedings of the colloquium Fluid Dynamics 99},
  editor =       {Institute of Thermomechanics of the Czech Academy of
                  Sciences},
  year =         1999,
  address =      {Prague},
  month =        {October},
  pages =        {53-60}
}

@InProceedings{DYN-TEK-04,
  author =       "V\'it Dolej{\v s}\'\i, Luk\'a\v s Stan\v ek",
  title =        "Numerical simulation of a pipe flow with virtual mass
                  effect",
  editor =       "P. Jon\'a\v s, V. Uruba",
  pages =        "27-30",
  booktitle =    "Colloquium FLUID DYNAMICS 2004 Proceedings",
  year =         2004,
  publisher =    "Institute of Thermomechanics AS CR, Prague"
}

@InProceedings{DYN-TEK-95,
  author =       "V. Dolej{\v s}\'\i",
  title =        "Numerical {S}olution of the {N}avier - {S}tokes
                  {E}quation",
  editor =       "K. Kozel and J. P{\v r}{\'\i}hoda",
  pages =        "15-16",
  booktitle =    "Dynamika tekutin'95",
  year =         1995,
  publisher =    "\'Ustav termomechaniky AV \v CR, Praha"
}

@InProceedings{DYN-TEK-96,
  author =       "V. Dolej{\v s}\'\i",
  title =        "Higher {O}rder {F}inite {V}olume {M}ethods for
                  {C}ompressible {F}lows",
  editor =       "K. Kozel and J. P\v r\'\i hoda",
  pages =        "9-10",
  booktitle =    "Dynamika tekutin'96",
  year =         1996,
  publisher =    "\'Ustav termomechaniky AV \v CR, Praha"
}

@InProceedings{DYN-TEK-97,
  author =       "V. Dolej{\v s}\'\i and M. Feistauer and J. Felcman",
  title =        "Algebraic turbulence model for unstrusctured meshes",
  editor =       "P. Jon\'a{\v s} and V. Uruba",
  pages =        "9-10",
  booktitle =    "Dynamika tekutin'97",
  year =         1997,
  publisher =    "\'Ustav termomechaniky AV \v CR, Praha"
}

@InProceedings{DYN96,
  author =       "V. Dolej{\v s}\'\i",
  title =        "{H}igher {O}rder {F}inite {V}olume {M}ethods for
                  {C}ompressible {F}low ",
  booktitle =    "Kolokvium Dynamika tekutin 1996"
}

@Article{Dawson2004,
  author =       {C. N. Dawson and S. Sun and M. F. Wheeler},
  title =        {Compatible algorithms for coupled flow and transport},
  journal =      {Comput. Meth. Appl. Mech. Engng.},
  year =         2004,
  volume =       193,
  pages =        {2565--2580.}
}

@Article{Delves1,
  author =       {L.M. Delves and C.A. Hall},
  title =        {An implicit matching principle for global element
                  calculations},
  journal =      {J. Inst. Math. Appl.},
  year =         1979,
  volume =       23,
  pages =        {223-234}
}

@Article{Delves2,
  author =       {L.M. Delves and C. Phillips},
  title =        {A fast implementation of the global element methods},
  journal =      {J. Inst. Math. Appl.},
  year =         1980,
  volume =       25,
  pages =        {179-197}
}

@Article{Delves3,
  author =       {J.A. Hendry and L.M. Delves},
  title =        {The global element method applied to a harmonic mixed
                  boundary value problem},
  journal =      {J. Comput. Phys.},
  year =         1979,
  volume =       33,
  pages =        {33-44}
}

@InProceedings{Delves4,
  author =       {J.A. Hendry and L.M. Delves and C. Phillips},
  title =        {Numerical experience with the global element method},
  booktitle =    {Mathematics of finite elements and applications III},
  pages =        {341-348},
  year =         1979,
  publisher =    {Academic Press, London-New York}
}

@Article{Dick91,
  author =       {E. Dick},
  title =        {Second-order formulation of a multigrid method for
                  steady {E}uler equations through defect-correction},
  journal =      {J. Comput. Appl. Math. 35, No.1-3, 159-168 (1991},
  year =         1991,
  volume =       35,
  number =       {1-3},
  pages =        {159-168}
}

@Article{Diosady_Darmofal,
  author =       {L. T. Diosady and D. L. Darmofal},
  title =        {Preconditioning methods for discontinuous {G}alerkin
                  solutions of the {N}avier-{S}tokes equations},
  journal =      {J. Comput. Phys.},
  year =         2009,
  volume =       228,
  pages =        {3917-3935}
}

@Article{DolGal-1,
  author =       { V. Dolej\v{s}\'{\i} and T. Gallou\"et},
  title =        {On a numerical simulation of three-phase flow with a
                  virtual mass effect},
  journal =      {Engineering Mechanics},
  year =         2005,
  volume =       12,
  number =       6,
  pages =        {1-13}
}

@Article{DolGal-2,
  author =       { V. Dolej\v{s}\'{\i} and T. Gallou\"et},
  title =        {On a numerical solution of particular nonconservative
                  hyperbolic problems },
  journal =      {Comput. Fluids},
  year =         2008,
  volume =       37,
  pages =        {1077–1091}
}

@TechReport{Dol_Sta_MP3,
  author =       {V. Dolej{\v s}{\'\i} and L. Stan{\v e}k},
  title =        {Numerical method for a pipe flow with a virtual mass
                  effect},
  institution =  {Charles Univeristy Prague},
  year =         2003,
  note =         {Preprint Series of the School of Mathematics, Charles
                  University Prague, No. MATH-KNM-2004/7}
}

@PhdThesis{Dubcova-PhD,
  author =       {L. Dubcov{\'a}},
  title =        {$hp$-FEM for coupled problems in fluid mechanics},
  school =       {Charles University Prague},
  year =         2010
}

@Article{Dumbser10,
  author =       {M. Dumbser},
  title =        {Arbitrary High Order {PNPM} Schemes on Unstructured
                  Meshes for the Compressible {N}avier-{S}tokes
                  Equations},
  journal =      {Comput. Fluids},
  year =         2010,
  volume =       39,
  number =       1,
  pages =        {60-76}
}

@Article{DupontScott,
  author =       {T. Dupont and R. Scott},
  title =        {Polynomial approximation of functions in {S}obolev
                  spaces},
  journal =      {Math. Comp.},
  year =         1980,
  volume =       34,
  pages =        {441-463}
}

@InProceedings{ECCOMAS-00,
  author =       {V. Dolej{\v s}{\'\i}},
  title =        {Numerical Simulation and Adaptive Methods for
                  Transonic Flow},
  booktitle =    {ECCOMAS 2000},
  year =         2000,
  publisher =    {CD-Rom}
}

@InProceedings{ECCOMAS-06,
  author =       {V. Dolej{\v s}{\'\i} and J. Hozman},
  title =        {Semi-implicit discontinuous {G}alerkin method for the
                  solution of the compressible {N}avier-{S}tokes
                  equations},
  booktitle =    {European Conference on Computational Fluid Dynamics,
                  Egmond aan Zee, The Netherlands, September 5-8, 2006},
  year =         2006,
  editor =       {P. Wesseling and E. Onate and J. P\'eriaux},
  publisher =    {TU Delft, The Netherlands},
  pages =        {1061-1080}
}

@InProceedings{ECCOMAS-94,
  author =       "J. Felcman and V. Dolej{\v s}{\'\i} and M. Feistauer",
  title =        "Adaptive {F}inite {V}olume {M}ethod for the
                  {N}umerical {S}olution of the {C}ompressible {E}uler
                  {E}quations",
  editor =       "S. Wagner, E. H. Hirschel, J. P\'eriaux and R. Piva",
  pages =        "894-901",
  booktitle =    "Computational Fluid Dynamics '94",
  year =         1994,
  publisher =    "John Wiley and Sons, Stuttgart"
}

@InProceedings{ECCOMAS-98,
  author =       {V. Dolej{\v s}{\'\i}},
  title =        {Adaptive Methods for the Numerical Solution of the
                  Compressible {N}avier--{S}tokes equations},
  booktitle =    {Computational Fluid Dynamics'98},
  editor =       {K. D. Papailiou and D. Tsahalis and J. P{\'e}riaux and
                  C. Hirsch and M. Pandolfi},
  volume =       1,
  year =         1998,
  organization = {ECCOMAS},
  publisher =    {John Wiley {\&} Sons},
  pages =        {393-397}
}

@InProceedings{ECMI-96,
  author =       "J. Felcman and V. Dolej{\v s}\'\i",
  title =        "Adaptive {M}ethods in {I}nternal and {E}xternal {F}low
                  {C}omputations ",
  editor =       "M. Br{o}ns and M. P. Bends{o}e and M. P. S{o}rensen",
  pages =        "424-431",
  booktitle =    "Progress in Industrial Mathematics at ECMI 96",
  year =         1997,
  publisher =    "B. G. Teubner, Stuttgart"
}

@Book{EDW65,
  author =       {R. E. Edwards},
  title =        {Functional Analysis, Theory and Applications},
  publisher =    {Holt, Rinehart and Winston, New York},
  year =         1965
}

@InProceedings{ENUMATH-01,
  author =       {V. Dolej{\v s}{\'\i} and M. Feistauer},
  title =        {On the Discontinuous {G}alerkin Method for the
                  Numerical Solution of Compressible High-Speed Flow},
  booktitle =    {Numerical Mathematics and Advanced Applications,
                  ENUMATH 2001},
  editor =       {F. Brezzi and A. Buffa and S. Corsaro and A. Murli},
  year =         2003,
  publisher =    {Springer-Verlag, Italia, Milano},
  pages =        {65-84}
}

@InProceedings{ENUMATH-03,
  author =       {V. Dolej{\v s}{\'\i}},
  title =        {Discontinuous {G}alerkin finite element method for the
                  numerical solution of viscous compressible flow},
  booktitle =    {Numerical Mathematics and Advanced Applications,
                  ENUMATH 2003},
  pages =        {260-268},
  year =         2004,
  editor =       {M. Feistauer and V. Dolej{\v s}{\'\i} and P. Knobloch
                  and K. Najzar},
  publisher =    {Springer-Verlag, Berlin Heidelberg}
}

@InProceedings{ENUMATH-05,
  author =       {V. Dolej{\v s}{\'\i}},
  title =        {Higher order semi-implicit discontinuous {G}alerkin
                  finite element schemes for nonlinear
                  convection-diffusion problems},
  booktitle =    {Numerical Mathematics and Advanced Applications,
                  ENUMATH 2005},
  pages =        {432-439},
  year =         2006,
  editor =       {A. Berm{\'u}dez de Castro and D. G{\'o}mez and
                  P. Quintela and P. Salgado},
  publisher =    {Springer-Verlag Berlin Heidelberg}
}

@InProceedings{ENUMATH-09,
  author =       {V. Dolej{\v s}{\'\i} and M. Hol{\'\i}k},
  title =        {Semi-implicit {DGFE} discretization of the
                  compressible {N}avier-{S}tokes equations: efficient
                  solution strategy},
  booktitle =    {Numerical Mathematics and Advanced Applications,
                  ENUMATH 2009},
  year =         2010,
  note =         {(in press)},
  publisher =    {Springer-Verlag Berlin Heidelberg}
}

@Unpublished{Eriksson-Johnson,
  author =       {K. Eriksson and C. Johnson},
  title =        {Adaptive finite element methods for parabolic problems
                  {I}--{IV}},
  note =         {Preprints, Chalmers University of Technology},
  year =         {1990-1992}
}

@Article{Ern1,
  author =       {A. Ern and S. Piperno and K. Djadel},
  title =        {A well-balanced {R}unge-{K}utta discontinuous
                  {G}alerkin method for the shallow-water equations with
                  flooding and drying},
  journal =      {Int. J. Numer. Meth. Fluids},
  year =         2008,
  volume =       58,
  number =       1,
  pages =        {1-25}
}

@Article{Ern2,
  author =       {A. Ern and A. F. Stephansen and P. Zunino},
  title =        {A discontinuous {G}alerkin method with weighted
                  averages for advection-diffusion equations with
                  locally small and anisotropic diffusivity},
  journal =      {IMA J. Numer. Anal.},
  year =         2009,
  volume =       29,
  number =       2,
  pages =        {235--256}
}

@Article{Ern3,
  author =       {P. Sochala and A. Ern and S. Piperno},
  title =        {Mass conservative {BDF}-discontinuous
                  {G}alerkin/explicit finite volume schemes for coupling
                  subsurface and overland flows},
  journal =      {Comput. Methods Appl. Mech. Engrg.},
  year =         2009,
  volume =       198,
  number =       {27-29},
  pages =        {2122-2136}
}

@Article{Errikson,
  author =       {K. Eriksson and C. Johnson and V. Thom{\'e}e},
  title =        {Time discretization of parabolic problems by the
                  discontinuous {G}alerkin method},
  journal =      {RAIRO, Mod{\'e}lisation Math. Anal. Num{\'e}r.},
  year =         1985,
  volume =       19,
  pages =        {611-643}
}

@Book{Errikson-book,
  author =       {K. Eriksson and D. Estep and P. Hansbo and C. Johnson},
  title =        {Computational Differential Equations},
  publisher =    {Cambridge University Press, Cambridge},
  year =         1996
}

@InProceedings{Eu_NS01,
  author =       {V. Dolej{\v s}{\'\i} and M. Feistauer},
  title =        {Discontinuous {G}alerkin method for compressible flow},
  booktitle =    {$4^{\rm th}$ Seminar {E}uler and {N}avier-{S}tokes
                  Equations (Theorey, Numerical Solution, Applications)},
  editor =       {K. Kozel, J. P\v r\'\i hoda, M. Feistauer},
  year =         2001,
  organization = {Institute of Thermodynamics, Academy of Science,
                  Prague},
  pages =        {31-34}
}

@Article{F-F-R-V,
  author =       "M. Feistauer and J. Felcman and M. Rokyta and
                  Z. Vl\'a{\v s}ek",
  title =        "Finite element solution of flow problems with trailing
                  conditions",
  journal =      "J. Comput. Appl. Math",
  year =         1992,
  volume =       44,
  pages =        "131--145"
}

@InProceedings{FCD,
  author =       "L. Flandrin and P. Charrier and B. Dubroca",
  title =        "A Robust Finite Volume Method for Computations of
                  Two-Dimensional Unstructured Hybrid Meshes",
  editor =       "S. Wagner and E. H. Hirschel and J. P{\'e}riaux and
                  R. Piva",
  pages =        "301-308",
  booktitle =    "Computational Fluid Dynamics '94",
  year =         1994,
  publisher =    "John Wiley and Sons, Stuttgart"
}

@Article{FE-SO,
  author =       {M. Feistauer and V. Sobot\'{\i}kov\'a},
  title =        {Finite element approximation of nonlinear elliptic
                  problems with discontinuous coefficients},
  journal =      {M$^{{\rm 2}}$AN Math. Model. Numer. Anal.},
  year =         1990,
  volume =       24,
  pages =        {457-500}
}

@Book{FEI,
  author =       "M. Feistauer",
  title =        "Mathematical Methods in Fluid Dynamics",
  publisher =    "Longman Scientific \& Technical, Harlow",
  year =         1993
}

@Book{FEI-scripta,
  author =       {M. Feistauer},
  title =        {Dikr\'etn{\'\i} metody {\v r}e{\v s}en{\'\i}
                  diferenci\'aln{\'\i}ch rovnic},
  publisher =    {St\'atn{\'\i} pedagogick\'e nakladatelstv{\'\i} Praha},
  year =         1981,
  note =         {(skriptum)}
}

@InProceedings{FEI1,
  author =       {M. Feistauer},
  title =        {Numerical methods for compressible flow},
  booktitle =    {Mathematical Fluid Mechanics. Recent Results and Open
                  Questions},
  key =          {105-142},
  year =         2001,
  editor =       {J. Neustupa and P. Penel},
  publisher =    {Birkh{\"a}user, Basel}
}

@Book{FEI2,
  author =       {M. Feistauer and J. Felcman and I. Stra{\v s}kraba},
  title =        {Mathematical and {C}omputational {M}ethods for
                  {C}ompressible {F}low},
  publisher =    {Oxford University Press, Oxford},
  year =         2003
}

@InProceedings{FEIST-KNOB,
  author =       "M. Feistauer and P. Knobloch",
  title =        "Operator splitting method for compressible {N}avier --
                  {S}tokes equations.",
  pages =        "70-78",
  booktitle =    "Proc. of Internat. Workshop on Numerical Methods for
                  the Navier -- Stokes Equations",
  year =         1993,
  publisher =    "Heildelberg"
}

@Article{FFLW96,
  author =       {M. Feistauer and J. Felcman and M. Luk{\'a}{\v
                  c}ov{\'a}--Medvi{d}ov{\'a} and G. Warnecke},
  title =        {Error estimates of a combined finite volume -- finite
                  element method for nonlinear convection -- diffusion
                  problems},
  journal =      {SIAM J. Numer. Anal.},
  year =         1999,
  volume =       36,
  number =       5,
  pages =        {1528-1548}
}

@Article{FFM,
  author =       {M. Feistauer and J. Felcman and M. Luk\'a\v{c}ov\'a},
  title =        {Combined finite element--finite volume solution of
                  compressible flow},
  journal =      {J. Comput. Appl. Math.},
  year =         1995,
  volume =       63,
  pages =        {179-199}
}

@Article{FFMt,
  author =       {M. Feistauer and J. Felcman and M. Luk{\'a}{\v
                  c}ov{\'a}--Medvi{d}ov{\'a}},
  title =        {On the Convergence of a Combined Finite Volume --
                  Finite Element Method for Nonlinear Convection --
                  Diffusion Problems},
  journal =      {Numer. Methods Partial Differ. Equations},
  year =         1997,
  volume =       13,
  pages =        {163-190}
}
%  note = 	 {Preprint No. MATH-knm-2007/1, Charles University Prague, 
%                  School of Mathematics, 2007, www.karlin.mff.cuni.cz/ms-preprints},

@Article{FFNP84,
  author =       {L. De Floriani and B. Falcidieno and G. Nagy and
                  C. Pienovi},
  title =        {A hierarchical structure for surface approximation},
  journal =      {Comput. \& Graphics},
  year =         1984,
  volume =       {8(2)},
  pages =        {183-183}
}

@InProceedings{FHKV95,
  author =       "J. Fo{\v r}t and M. Hun{\v e}k and K. Kozel and
                  M. Vav{\v r}incov{\'a}",
  title =        "Numerical simulation of steady and unsteady flows
                  through plane cascades",
  editor =       "M. Feistauer and R. Ranacher and K. Kozel",
  pages =        "95-102",
  booktitle =    "Numerical Modeling in Continuum Mechanics II",
  year =         1995,
  organization = "Faculty of Mathematics and Physics, Charles
                  University, Prague"
}

@Article{FK-JCP,
  author =       {M. Feistauer and V. Ku{\v c}era},
  title =        {On a robust discontinuous {G}alerkin technique for the
                  solution of compressible flow},
  journal =      {J. Comput. Phys.},
  year =         2007,
  volume =       224,
  number =       1,
  pages =        {208-221}
}



Optimal error estimates in the DGFEM for nonlinear convection-diffusion problems. Enumath2007 (to appear).

@Article{FK-MATCOM,
  author =       {M. Feistauer and V. Ku{\v c}era and J. Prokopov{\'a}},
  title =        {Discontinuous {G}alerkin solution of compressible flow
                  in time dependent domains},
  journal =      {Mathematics and Computers in Simulations},
  year =         2010,
  volume =       80,
  number =       8,
  pages =        {1612-1623},
  note =         {DOI: 10.1016/j.matcom.2009.01.020}
}

@InCollection{FLST00,
  author =       {J.~E. Flaherty and R.~M. Loy and M.~S.  Shephart and
                  J.~D. Teresco},
  title =        {Software for the parallel adaptive solution of
                  conservation laws by discontinuous {G}alerkin methods},
  booktitle =    {Discontinuous {G}alerkin Methods. Theory, Computation
                  and Applications},
  publisher =    {Springer, Berlin},
  year =         2000,
  editor =       {B. Cockburn and G. E. Karniadakis and C.--W. Shu},
  series =       {Lecture Notes in Computational Science and Engineering
                  11},
  pages =        {113-123}
}

@Unpublished{FS96,
  author =       {M. Feistauer and P. Stupka},
  title =        {On the convergence of the combined finite volume --
                  finite element method for nonlinear convection --
                  diffusion problems. II {E}xplicit schemes.},
  note =         {Preprint, Faculty of Mathematics and Physics, Charles
                  Univ., Prague},
  year =         1997
}

@Article{FSS,
  author =       {M. Feistauer and J. Slav{\'\i}k and P. Stupka},
  title =        {On the convergence of a combined finite volume --
                  finite element for nonlinear convection -- diffusion
                  problems. {E}xplicit schemes},
  journal =      {Numer. Methods Partial Differ. Equations},
  year =         1999,
  pages =        {215--235}
}

@InProceedings{FVCA-4,
  author =       {V. Dolej\v{s}\'{\i} and T. Gallou{\"et}},
  title =        {On Finite Volume Schemes for Nonconservative
                  Hyperbolic Problems.},
  booktitle =    {Finite volumes for complex applications IV, Problems
                  \& Perspectives},
  pages =        {295--304},
  year =         2005,
  editor =       {F. Bankhaldoun and D. Ouzar and S. Raghay},
  publisher =    {Hermes Science Publishing, London}
}

@InProceedings{FVCA3,
  author =       {V. Dolej{\v s}{\'\i}},
  title =        {A higher order scheme based on the finite volume
                  approach},
  booktitle =    {Finite Volumes for Complex Applications III (Problems
                  and Perspectives)},
  editor =       {R.~Herbin and D.~Kr{\"o}ner},
  year =         2002,
  publisher =    {Hermes},
  pages =        {333-340}
}

@InProceedings{FVCA3-Fei,
  author =       {M. Feistauer},
  title =        {Discontinuous {G}alerkin method: Compromise between FV
                  and FE schemes},
  booktitle =    { Finite Volumes for Complex Applications III (Problems
                  and Perspectives)},
  pages =        {81-95},
  year =         2002,
  editor =       {R.~Herbin and D.~Kr{\"o}ner},
  publisher =    {Hermes}
}

@Unpublished{FVEM,
  author =       {V. Dolej{\v s}{\'\i} and M. Feistauer and J. Felcman},
  title =        {Flow computations using combined finite volume--finite
                  element method},
  note =         {Preprint, Charles University, Prague},
  year =         2001
}

@Unpublished{FVEM1,
  author =       {V. Dolej{\v s}{\'\i} and M. Feistauer and J. Felcman},
  title =        {Flow computations using combined finite volume--finite
                  element method},
  journal =      {???},
  year =         2001,
  note =         {(in preparation)}
}

@Article{Feireisel,
  author =       {E. Feireisel},
  title =        {On compactness of solutions to the compressible
                  {N}avier-{S}tokes equations, when the density is not
                  square integrable},
  journal =      {Comment. Math. Univ. Carolin.},
  year =         2001,
  volume =       42,
  pages =        {83-98}
}

@Book{Feireisel-book,
  author =       {E. Feireisel},
  title =        {Dynamics of Viscous Compressible Fluids},
  publisher =    {Oxford University Press},
  year =         2004,
  volume =       26,
  series =       {Oxford Lecture Series in Mathematics and its
                  Applications}
}

@Article{FeistZenisek,
  author =       {M. Feistauer and A. {\v Z}en{\'\i}sek},
  title =        {Finite element solution of nonlinear elliptic
                  problems},
  journal =      {Numer. Math.},
  year =         1987,
  volume =       50,
  pages =        {451-475}
}

@Article{Fel92,
  author =       "J. Felcman",
  title =        "Finite volume solution of the inviscid compressible
                  fluid flow",
  journal =      "ZAMM",
  year =         1992,
  volume =       72,
  pages =        "513-516"
}

@Article{FelSol,
  author =       {J. Felcman and P. {\v S}ol{\'\i}n},
  title =        {On the construction of the {O}sher--{S}olomon scheme
                  for 3{D} {E}uler equations},
  journal =      {East--West J. Numer. Math.},
  year =         1998,
  volume =       6,
  number =       1,
  pages =        {43-64}
}

@Article{Fezoui-Stoufflet89,
  author =       {L. Fezoui and B. Stoufflet},
  title =        {A class of implicit upwind schemes for {E}uler
                  simulations with unstructured meshes.},
  journal =      {J. Comput. Phys.},
  year =         1989,
  volume =       84,
  number =       1,
  pages =        {174-206}
}

@Book{Gallagher,
  author =       {R. Gallagher and al},
  title =        {Finite Elements in Fluid},
  publisher =    {Wiley, Chichester -- New York -- Bribane -- Toronto --
                  Singapore},
  year =         {1975 -- 1985},
  volume =       {1 - 6}
}

@Book{Ge-L-T,
  author =       "R. Glowinski and J. L. Lions and R. Tr\'emali\`eres",
  title =        "Analyse num\'erique des in\'equations variationnelles",
  publisher =    "Dunod, Paris",
  year =         1976
}

@Article{GeHaHo07,
  author =       {E. H. Georgoulis and E. Hall and P. Houston},
  title =        {Discontinuous {G}alerkin methods on $hp$-anisotropic
                  meshes {I}: {A} priori error analysis},
  journal =      {Int. J. Comput. Sci. Math},
  year =         2007,
  volume =       1,
  number =       {2-3},
  pages =        {221-244}
}

@Article{GeHaHo09,
  author =       {E. H. Georgoulis and E. Hall and P. Houston},
  title =        {Discontinuous {G}alerkin methods on $hp$-anisotropic
                  meshes {II}: {A} posteriori error analysis and
                  adaptivity},
  journal =      {Appl. Numer. Math.},
  year =         2009,
  volume =       59,
  number =       9,
  pages =        {2179-2194}
}

@Article{GeSu05,
  author =       {E. H. Georgoulis and E. S\"uli},
  title =        {Optimal error estimates for the hp-version interior
                  penalty discontinuous {G}alerkin finite element
                  method},
  journal =      {Journal of Numerical Analysis},
  year =         2005,
  volume =       25,
  pages =        {205–220}
}

@InProceedings{Geiben,
  author =       {M. Geiben},
  title =        {Numerische {S}imulation von dreidimensionalen
                  instation{\"a}ren kompressiblen {S}tr{\"o}mungen in
                  komplexen {G}eometrien},
  booktitle =    {Str{\"o}mungen mit Abl{\"o}sung, Proc. of
                  8. DGLR--Fach--Symposium },
  year =         1992,
  publisher =    {DGLR--Bericht 92--07, Bonn},
  month =        {Nov.},
  pages =        {351-360}
}

@Article{GuzmanRiviere,
  author =       {J. Guzm{\'a}n and. B. Rivi{\`e}re},
  title =        {Sub-optimal convergence of non-symmetric discontinuous
                  {G}alerkin method for odd polynomial approximations},
  journal =      {J. Sci. Comput.},
  year =         2009,
  number =       {1-3},
  volume =       40,
  pages =        {273-280}
}

@InProceedings{HABA,
  author =       "M. Fortin and M.--G. Vallet and J. Dompierre and
                  Y. Bourgault and W. G. Habashi",
  title =        "Anisotropic {M}esh {A}daptation: {T}heory,
                  {V}alidation and {A}pplications",
  booktitle =    "Computational Fluid Dynamics '96",
  publisher =    {Wiley, Chichester},
  editor =       {J.-A. D{\'e}sid{\'e}ri and C. Hirsch and
                  P. Le{\,}Tallec and M. Pandolfi and J. P{\'e}riaux},
  address =      {Paris},
  pages =        "174-180",
  year =         1996
}

@InProceedings{HABA1,
  author =       {W. G. Habashi and M. Fortin and D. Ait-ali-Yahia and
                  S. Boivin and Y.Bourgault and J. Dompierre and
                  M. P. Robichaud and A. Tam and M. G. Vallet},
  title =        {Anisotropic mesh optimization: Towards a
                  solver-independent and mesh-independent {C}{F}{D} },
  booktitle =    {Compressible Fluid Dynamics},
  series =       {VKI Lecture Series 1996-06},
  year =         1996,
  organization = {von Karman Institute for Fluid Dynamics - Concordia
                  University},
  month =        {August}
}

@Article{HH06:SIPG1,
  author =       {R. Hartmann and P. Houston},
  title =        {Symmetric interior penalty {DG} methods for the
                  compressible {N}avier-{S}tokes equations {I}: Method
                  formulation},
  journal =      {Int. J. Numer. Anal. Model.},
  year =         2006,
  volume =       1,
  pages =        {1-20}
}

@Article{HH06:SIPG2,
  author =       {R. Hartmann and P. Houston},
  title =        {Symmetric interior penalty {DG} methods for the
                  compressible {N}avier-{S}tokes equations {II}:
                  {G}oal-oriented a posteriori error estimation.},
  journal =      {Int. J. Numer. Anal. Model.},
  year =         2006,
  volume =       3,
  pages =        {141-162}
}

@Article{HH08,
  author =       {R. Hartmann and P. Houston},
  title =        {An optimal order interior penalty discontinuous
                  {G}alerkin discretization of the compressible
                  {N}avier--{S}tokes equations},
  journal =      {J. Comput. Phys.},
  year =         2008,
  volume =       227,
  pages =        {9670-9685}
}

@InProceedings{Hannemann-Hemple-Sonar,
  author =       {V. Hannemann and D. Hemple and Th. Sonar},
  title =        {Adaptive computation of compressible flow},
  booktitle =    {Proceedings of the 9th GAMM Seminar on Adaptive
                  Methods },
  editor =       {W. Hackbusch, G. Wittum},
  year =         1992,
  publisher =    {Vieweg, Braunschweig -- Wiesbaden}
}

@Article{Hartman08,
  author =       {R. Hartmann},
  title =        {Multitarget error estimation and adaptivity in
                  aerodynamic flow simulations},
  journal =      {SIAM J. Sci. Comput.},
  year =         2008,
  volume =       31,
  number =       1,
  pages =        {708-731}
}

@Article{Hartmann-Houston,
  author =       {R.~Hartmann and P.~Houston},
  title =        {Adaptive discontinuous {G}alerkin finite element
                  methods for nonlinear hyperbolic conservation laws},
  journal =      { SIAM J. Sci. Comp.},
  year =         2002,
  volume =       24,
  pages =        {979--1004}
}

@Article{Hartmann-Huston,
  author =       {R. Hartmann and P. Houston},
  title =        {Adaptive Discontinuous {G}alerkin Finite Element
                  Methods for Nonlinear Hyperbolic Conservation Laws},
  journal =      {SIAM J. Sci. Comp. },
  year =         2002,
  volume =       24,
  pages =        {979-1004}
}

@Article{Hartmann06,
  author =       {R. Hartmann},
  title =        {Adaptive discontinuous {G}alerkin methods with
                  shock-capturing for the compressible Navier-Stokes
                  equations},
  journal =      {Int. J. Numer. Meth. Fluids},
  year =         2006,
  volume =       51,
  pages =        {1131-1156}
}

@Article{HemkerSpekreijse86,
  author =       {P. W. Hemker and S.P. Spekreijse},
  title =        {Multiple grid and Osher's scheme for the efficient
                  solution of the steady {E}uler equations},
  journal =      {Appl. Numer. Math.},
  year =         1986,
  volume =       2,
  pages =        {475-493}
}

@Book{Henrici,
  author =       {P. Henrici},
  title =        {Discrete variable methods in ordinary differential
                  equations},
  publisher =    {New York and London: John Wiley and Sons},
  year =         1962
}

@InBook{Herbin-Galluet,
  author =       {R. Eymard and T. Gallou\"et and R. Herbin},
  title =        {Solution of equations in $R^n$ (Part 3).  Techniques
                  of scientific computing (Part 3).},
  chapter =      {Finite volume methods},
  publisher =    {Amsterdam: North-Holland/ Elsevier},
  year =         2000,
  series =       {Handbook of numerical analysis},
  pages =        {713-1020}
}

@InCollection{Higer_order-1,
  author =       {R. Abgrall and T. Sonar and O. Friedrich and
                  G. Billet},
  title =        {Higher Order Approximations for Compressible Fluid
                  Dynamics on Unstructured and Cartesian Meshes},
  booktitle =    {Higher-Order Methods for Computational Physics},
  pages =        {1-68},
  publisher =    {Springer},
  year =         1999,
  editor =       {T. J. Barth and H. Deconinck },
  volume =       9,
  series =       {Lecture Notes in Computational Science and
                  Engineering}
}

@InCollection{Higer_order-2,
  author =       {C. W. Shu},
  title =        {Higher Order {ENO} and {WENO} Schemes},
  booktitle =    {Higher-Order Methods for Computational Physics},
  pages =        {439-582},
  publisher =    {Springer},
  year =         1999,
  editor =       {T. J. Barth and H. Deconinck },
  volume =       9,
  series =       {Lecture Notes in Computational Science and
                  Engineering}
}

@Book{Hirsh88,
  author =       {C. Hirch},
  title =        {Numerical computation of internal and external flows.
                  Volume 1: Fundamentals of numerical discretization},
  publisher =    {Wiley-Interscience Publication. Chichester},
  year =         1988,
  series =       {Wiley Series in Numerical Methods in Engineering}
}

@Article{HoSuWi06,
  author =       {P. Houston and E. S\"uli and T. P. Wihler},
  title =        {A posteriori error analysis of $hp$-version
                  discontinuous {G}alerkin finite element methods for
                  second-order quasilinear elliptic problems},
  journal =      {IMA J. Numer. Anal.},
  year =         2008,
  volume =       28,
  pages =        {245-273}
}

@Article{Houston-hp,
  author =       {P. Houston and E. S\"ulli},
  title =        {A note on the design of $hp$--adaptive finite element
                  methods for elliptic partial differential equations},
  journal =      {Comput. Methods Appl. Mech. Engrg.},
  year =         2005,
  volume =       194,
  pages =        {229-243}
}

@Article{IASME05,
  author =       {M. Feistauer and V. Dolej\v{s}\'{\i} and V. Ku{\v
                  c}era},
  title =        {Numerical simulation of compressible flow with a wide
                  range of the {M}ach number by the discontinuous
                  {G}alerkin method},
  journal =      {IASME Transactions},
  year =         2005,
  volume =       6,
  number =       2,
  pages =        {964--973}
}

@Article{IMEX-DG,
  author =       {A.~Kanevsky and M.~H.~Carpenter and D.~Gottlieb and
                  J.~S.~Hesthaven},
  title =        {Application of implicit-explicit high order
                  {R}unge-{K}utta methods to discontinuous-{G}alerkin
                  schemes},
  journal =      {J. Comput. Phys.},
  year =         2007,
  volume =       225,
  number =       2,
  pages =        {1753-1781}
}

@InProceedings{INRIA,
  author =       "M. J. Castro--D{\'\i}az and H. Borouchaki and
                  P. L. George and F. Hecht and B. Mohammadi",
  title =        "Anisotropic {A}daptive {M}esch {G}eneration in {T}wo
                  {D}imensions for {CFD}",
  booktitle =    "Computational Fluid Dynamics '96",
  publisher =    {Wiley, Chichester},
  editor =       {J.-A. D{\'e}sid{\'e}ri and C. Hirsch and
                  P. Le{\,}Tallec and M. Pandolfi and J. P{\'e}riaux},
  pages =        "181-186",
  address =      {Paris},
  year =         1996
}

@TechReport{INRIA-rep,
  author =       "H. Borouchaki and P. L. George and F. Hecht and
                  P. Laugh and E. Saltel",
  title =        "Mailleur bidimensionnel de {D}elaunay gouvern\'e par
                  une carte de m\'etriques. {P}artie {I}:
                  {A}lgorithmes.",
  institution =  "INRIA",
  year =         1995,
  number =       2741
}

@InProceedings{INRIA2,
  author =       {M.~J.~Castro D{\'\i}az and F.~Hecht and B.~Mohammadi},
  title =        {New progress in anisotropic grid adaptation for
                  inviscid and viscous flows simulations},
  booktitle =    {Proceedings of the 4th Annual International Meshing
                  Roundtable},
  year =         1995,
  organization = {Sandia National Laboratories}
}

@Article{INTER-ERROR,
  author =       "E. F. D'Azevedo and R. B. Simpson",
  title =        "On optimal triangular meshes for minimizing the
                  gradient error",
  journal =      "Numer. Math.",
  year =         1991,
  volume =       59,
  pages =        "321-348"
}

@Article{INTER-ERROR-1,
  author =       "E. F. D'Azevedo and R. B. Simpson",
  title =        "On optimal interpolation triangle incidences",
  journal =      "SIAM. J. Sci. Statist. Comput.",
  year =         1989,
  volume =       10,
  pages =        "1063-1075"
}

@InProceedings{JIRKA,
  author =       "J. Felcman and G. Warnecke",
  title =        "Adaptive computational methods for gas flow",
  pages =        "99-104",
  booktitle =    "Proceedings of the Prague Mathematical Conference
                  1996",
  year =         1996,
  publisher =    "ICARIS Ltd. Praha"
}

@Article{Jamet,
  author =       {P. Jamet},
  title =        {{G}alerkin-type approximations which are discontinuous
                  in time for parabolic equations in a variable domain},
  journal =      {SIAM J. Numer. Anal.},
  year =         1978,
  volume =       15,
  number =       5,
  pages =        {912-928}
}

@Proceedings{Jeltsch,
  title =        {Nonlinear Hyperbolic Equations -- Theory, Computation
                  Methods and Applications },
  year =         1988,
  editor =       {J. Ballmann and R. Jeltsch},
  volume =       24,
  series =       {Notes on Numerical Fluid Mechanics},
  publisher =    {Vieweg, Braunschwig}
}

@InProceedings{Joh81,
  author =       {C. Johnson},
  title =        {Finite element methods for convection -- diffusion
                  problems},
  booktitle =    { Computing Methods in Engineering and Applied Sciences
                  V.},
  editor =       {R. Glowinski and J. L. Lions},
  year =         1982,
  pages =        "311--323",
  publisher =    {North--Holland, Amsterdam}
}

@Book{Johnson,
  author =       {C. Johnson},
  title =        {Numerical Solution of Partial Differential Equations},
  publisher =    {Cambridge University Press, Cambridge},
  year =         1988
}

@Article{Johnson-Hansbo,
  author =       {C. Johnson and P. Hansbo},
  title =        {Adaptive finite element methods in computational
                  mechanics},
  journal =      {Comput. Methods Appl. Mech. Engrg.},
  year =         1992,
  volume =       101,
  pages =        {143-181}
}

@Book{KJF,
  author =       "A. Kufner and O. John and S. Fu{\v c}\'\i k",
  title =        "Function Spaces",
  publisher =    "Academia, Prague",
  year =         1977
}

@Book{KJF77,
  author =       "A. Kufner and O. John and S. Fu{\v c}\'\i k",
  title =        "Function Spaces",
  publisher =    "Academia, Prague",
  year =         1977
}

@Article{KR,
  author =       {D. Kr{\"o}ner and M. Rokyta},
  title =        {Convergence of upwind finite volume schemes for scalar
                  conservation laws in 2{D}},
  journal =      {SIAM J. Numer. Anal.},
  year =         1994,
  volume =       31,
  pages =        {324-343}
}

@Article{KRVV07,
  author =       {C. M. Klaij and M. H. van Raalte and H. van der Ven
                  and H. J. W.  van der Vegt},
  title =        {$h$-multigrid for space-time discontinuous {G}alerkin
                  discretizations of the compressible {N}avier-{S}tokes
                  equations},
  journal =      {J. Comput. Phys.},
  year =         2007,
  volume =       227,
  pages =        {1024-1045}
}

@Article{KVV:NS1,
  author =       {C. M. Klaij and J.J.W. van der Vegt and H. Van der
                  Ven},
  title =        {Pseudo-time stepping for space-time discontinuous
                  {G}alerkin discretizations of the compressible
                  {N}avier-{S}tokes equations},
  journal =      {J. Comput. Phys.},
  year =         2006,
  volume =       219,
  number =       2,
  pages =        {622-643}
}

@Article{KVV:NS2,
  author =       {C. M. Klaij and J.J.W. van der Vegt and H. Van der
                  Ven},
  title =        {Space-time discontinuous {G}alerkin method for the
                  compressible {N}avier-{S}tokes equations},
  journal =      {J. Comput. Phys.},
  year =         2006,
  volume =       217,
  number =       2,
  pages =        {589-611}
}

@MastersThesis{Knobloch,
  author =       {P. Knobloch},
  title =        {Numerical Modelling of Viscous Compressible Flows},
  school =       {Charles University},
  year =         1993,
  note =         {(in Czech)}
}

@Article{KorenHemker91,
  author =       {B. Koren and P. W. Hemker},
  title =        {Damped, direction-dependent multigrid for hypersonic
                  flow computations},
  journal =      {Appl. Numer. Math.},
  year =         1991,
  volume =       7,
  number =       4,
  pages =        {309-328}
}

@Book{Kress,
  author =       {R. Kress},
  title =        {Linear Integral Equations},
  publisher =    {Springer--Verlag, Berlin--Heildelberg--New York},
  year =         1989
}

@Book{Krizek-book,
  author =       {M. K{\v r}{\'\i}{\v z}ek and P. Neittaanm\"aki},
  title =        {Finite Element Approximation of Variational Problems
                  and Applications},
  publisher =    {Longman Scientific \& Technical, Harlow},
  year =         1990,
  volume =       50,
  series =       {Pitman Monographs and Surveys in Pure and Applied
                  Mathematics}
}

@Book{Kroner,
  author =       {D. Kr{\"o}ner},
  title =        {Numerical Schemes for Conservation Laws},
  publisher =    {Wiley Teubner, Stuttgart},
  year =         1997
}

@Unpublished{Kroner-Rokyta,
  author =       {D. Kr{\"o}ner and M. Rokyta},
  title =        {Convergence of upwind finite volume schemes for scalar
                  conservation laws in 2{D}},
  note =         {Preprint no {\bf 208}, SFB, Univ. Bonn},
  year =         1992
}

@Article{Kruzkov,
  author =       {S. N. Kruzhkov},
  title =        {First order quasilinear equations in several
                  independent variables},
  journal =      {Maath. USSR Sbornik},
  year =         1970,
  volume =       10,
  pages =        {217-243}
}

@Article{Kunert,
  author =       {G. Kunert},
  title =        {Error estimation for anisotropic tetrahedral and
                  triangular finite elements meshes},
  journal =      {TU Chemnitz, Preprint SFB393/97--17},
  year =         1997
}

@Article{KurganovTadmor,
  author =       {A. Kurganov and E. Tadmor},
  title =        {New high-resolution central schemes for nonlinear
                  conservation laws and convection-diffusion equations},
  journal =      {J. Comput. Phys.},
  year =         2000,
  volume =       160,
  pages =        {241-282}
}

@Manual{LAPACK,
  title =        {LAPACK -- Linear Algebra PACKage},
  author =       {E. Anderson and et all},
  organization = {University City Science Center; Philadelphia},
  edition =      {version 3.0},
  year =         2000,
  note =         {www.netlib.org/lapack}
}

@Manual{LASPACK,
  title =        {LASPack},
  author =       {T. Skalick\'y},
  organization = {Dresden University of Technology},
  edition =      {version 1.12.2},
  year =         1995,
  note =         {www.netlib.org/laspack}
}

@Article{LIONS1,
  author =       "P. L. Lions",
  title =        "Global existence of solutions for isentropic
                  compressible {N}avier -- {S}tokes equations",
  journal =      "Mathematical Problems in Mechanics",
  year =         1993,
  volume =       316,
  pages =        "1335-1340"
}

@Book{Ladyz,
  author =       {O. A. Ladyzhenskaya},
  title =        {The Mathematical Theory of Viscous Incompressible Flow
                  },
  publisher =    {Nauka, Mosow},
  year =         1970,
  note =         {(en russe)}
}

@Article{Larson,
  author =       {M. G. Larson and A. J. Niklasson},
  title =        {Analysis of a family of discontinuous {G}alerkin
                  methods for elliptic problems: the one dimensional
                  case},
  journal =      {Numer. Math.},
  year =         2004,
  volume =       99,
  number =       1,
  pages =        {113-130}
}

@Article{Law72,
  author =       {C. L. Lawson},
  title =        {Transforming triangulations},
  journal =      {Discrete Math.},
  year =         1972,
  volume =       3,
  pages =        {365-372}
}

@Book{LeVeque-book,
  author =       {R. LeVeque},
  title =        {Finite Volume Methods for Hyperbolic Problems},
  publisher =    {Cambridge University Press},
  year =         2002
}

@Book{LeVeque-book-2,
  author =       {R. LeVeque},
  title =        {Numerical methods for conservation laws.  Lectures in
                  Mathematics ETH Z\"urich.},
  publisher =    { Birkhäuser Verlag, Basel},
  year =         1990
}

@Book{Lions,
  author =       {P. L. Lions},
  title =        {Mathematical Topics in Fluid Mechanics},
  publisher =    {Oxford Science Publications},
  year =         1996
}

@Book{Lions2,
  author =       {P. L. Lions},
  title =        {Mathematical Topics in Fluid Mechanics, Vol. 2,
                  Compressible Models},
  publisher =    {Oxford Science Publications, Oxford},
  year =         1998
}

@Article{Loc_Oper_3D,
  author =       {L. A. Freitag and C. Ollivier--Gooch},
  title =        {Tetrahedral mesh improvement using swapping and
                  smoothing},
  journal =      {Int. J. Numer. Methods Eng},
  year =         1997,
  volume =       40,
  number =       21,
  pages =        {3979-4002}
}

@Article{Lomtev-98,
  author =       {I. Lomtev and C. B.Quillen and G. E. Karniadakis},
  title =        {Spectral/$hp$ methods for viscous compressible flows
                  on unstructured 2D meshes},
  journal =      {J. Comput. Phys.},
  year =         1998,
  volume =       144,
  number =       2,
  pages =        { 325-357}
}

@Article{Lukaszewicz,
  author =       {G. Lukaszewicz},
  title =        {An existence theorem for compressible viscous and heat
                  conducting fluids},
  journal =      {Math. Methd. Appl. Sci.},
  year =         1984,
  volume =       6,
  pages =        {234-247}
}

@Article{LuskinRannacher,
  author =       {M. Luskin and R. Rannacher},
  title =        {On the smoothing property of the {G}alerkin method for
                  parabolic equations},
  journal =      {SIAM J. Numer. Anal.},
  year =         1982,
  volume =       19,
  number =       1,
  pages =        {93-113}
}

@InProceedings{MAFELAP,
  author =       "M. Feistauer and J. Felcman ",
  title =        "Theory and Applications of Numerical Schemes for
                  Nonlinear Convection-Diffusion Problems and
                  Compressible {N}avier--{S}tokes Equations",
  editor =       "J. R. Whitemen",
  pages =        "175-194",
  booktitle =    "The Mathematics of Finite Elements and Applications",
  year =         1996,
  publisher =    "John Wiley \& Sons"
}

@PhdThesis{MAJA,
  author =       {M. Luk{\'a}{\v c}ov{\'a}--Medvi{d}ov{\'a}},
  title =        {Combined finite element--finite volume solution of
                  compressible flow},
  school =       {Charles University of Prague },
  year =         1994
}

@Article{Maso-Floch-Murat,
  author =       {Dal Maso, G. and Le Floch, P. and  Murat, F.},
  title =        {Definition and weak stability of nonconservative
                  products},
  journal =      {J. Math. Pures Appl.},
  year =         1995,
  volume =       74,
  number =       6,
  pages =        {483--548}
}

@InProceedings{Matsumura,
  author =       {A. Matsumura and T. Nishida},
  title =        {Initial boundary value problems for the equations of
                  motion of general fluids},
  booktitle =    {Computing Methods in Applied Sciences and Engineering
                  },
  editor =       {Glowinski, R. and Lions, J. L.},
  year =         1982,
  publisher =    {North -- Holland, Amsterdam}
}

@Article{Meister_JCP,
  author =       {A. Meister},
  title =        {Comparison of different Krylov subspace methods
                  embedded in an implicit finite volume scheme for the
                  computation of viscous and inviscid flow fields on
                  unstructured grids},
  journal =      {J. Comput. Phys.},
  year =         1998,
  volume =       140,
  number =       {311-345}
}

@MISC{Mitchell_asurvey,
  author =       {William F. Mitchell and Marjorie A. Mcclain},
  title =        {A Survey of $hp$-Adaptive Strategies for Elliptic
                  Partial Differential Equations},
  year =         {2009 (submitted)}
}

@Article{Mittal,
  author =       {S. Mittal},
  title =        {Finite element computation of unsteady viscous
                  compressible flows},
  journal =      {Comput. Methods Appl. Mech. Eng.},
  year =         1998,
  volume =       157,
  pages =        {151-175}
}

@Book{Mor96,
  author =       "K. W. Morton",
  title =        "Numerical Solution of Convection -- Diffusion
                  Problems",
  publisher =    "Chapman \& Hall, London",
  year =         1996
}

@Article{Munz05,
  author =       {M. Dumbser and C.-D. Munz},
  title =        {Building blocks for arbitrary high-order discontinuous
                  {G}alerkin methods},
  journal =      {J. Sci. Comput.},
  year =         2006,
  volume =       27,
  pages =        {215-230}
}

@Article{Munz07,
  author =       {G. Gassner and F. L{\"o}rcher and C.-D. Munz},
  title =        {A Discontinuous {G}alerkin Scheme Based on a SpaceTime
                  Expansion.  {I}. {I}nviscid Compressible Flow in One
                  Space Dimension},
  journal =      {J. Sci. Comput.},
  year =         2007,
  volume =       32,
  number =       2,
  pages =        {175-199}
}

@Article{Munz08,
  author =       {G. Gassner and F. L{\"o}rcher and C.-D. Munz},
  title =        {A Discontinuous {G}alerkin Scheme Based on a SpaceTime
                  Expansion.  {II}. Viscous flow equations in multi
                  dimensions},
  journal =      {J. Sci. Comput.},
  year =         2008,
  volume =       34,
  number =       3,
  pages =        {260-286}
}

@Article{NFAO-Petr,
  author =       {P. Knobloch},
  title =        {Uniform validity of Friedrichs inequality for general
                  nonconforming finite element spaces},
  journal =      {Numer. Func. Anal. and Optimiz.},
  year =         2001,
  volume =       22,
  number =       {1-2},
  pages =        {107-126}
}

@Article{NFAO-Vohralik,
  author =       {M. Vohralik},
  title =        {On the discrete Poincare-Friedrichs inequalities for
                  nonconforming approximations of the Sobolev space H-1},
  journal =      {Numer. Func. Anal. and Optimiz.},
  year =         2005,
  volume =       26,
  number =       {7-8},
  pages =        {925-952}
}

@InProceedings{NMICM00,
  author =       {V. Dolej{\v s}{\'\i}},
  title =        {Adaptation of Triangular Meshes in Continuum
                  Mechanics},
  booktitle =    {Numerical Modeling in Continuum Mechanics},
  editor =       {M. Feistauer, R. Rannacher, K. Kozel},
  year =         2000,
  publisher =    {Matfyzpress, Praha},
  pages =        1,
  note =         {(to appear)}
}

@InProceedings{NMICM97,
  author =       "V. Dolej{\v s}{\'\i}",
  title =        "Numerical {S}olver for {C}ompressible {F}lows --
                  {A}nisotropic {M}esh {A}daption",
  editor =       "M. Feistauer, R. Rannacher, K. Kozel",
  pages =        "246-253",
  booktitle =    "Numerical Modelling in Continuum Mechanics",
  year =         1997,
  publisher =    "Matfyzpress, Praha"
}

@Book{NURBS,
  author =       {L. Piegl and W. Tiller},
  title =        {The NURBS Book},
  publisher =    {Springer-Verlag Berlin Heidelberg},
  year =         1997
}

@Book{Novotny-Straskraba,
  author =       {A. Novotn{\'y} and I. Stra{\v s}kraba},
  title =        {Mathematical Theory of Compressible Flow},
  publisher =    {Oxford University Press, Oxford},
  year =         2003
}

@Article{O-U,
  author =       "K. Ohmori and T. Ushijima",
  title =        "A technique of upstream type applied to a linear
                  nonconforming finite element approximation of
                  convective diffusion equations.",
  journal =      "RAIRO, Anal. Num\'er.",
  year =         1984,
  volume =       18,
  pages =        "309-322"
}

@Article{OS,
  author =       {S. Osher and F. Solomon},
  title =        {Upwind difference schemes for hyperbolic systems of
                  conservation laws},
  journal =      {Math. Comp.},
  year =         1982,
  volume =       38,
  pages =        {339-374}
}

@InProceedings{Oden,
  author =       {T. Oden},
  title =        {Progress in adaptive methods in computational fluid
                  dynamics},
  booktitle =    {Adaptive Methods in PDE's, Proc. of International
                  Workshop },
  editor =       {Flaherty et al.},
  year =         1988,
  pages =        {206-252},
  publisher =    {North - Holland, Amsterdam}
}

@TechReport{Olom-zadani,
  author =       {Z. Franc and P. Nov\'ak},
  title =        {Sch\'ema a rozm\v ery zku\v sebn\'\i ho okruhu},
  institution =  {Hydrosyst\'emy a. s., Olomouc},
  year =         2005,
  note =         {Zad\'an\'\i\ \'ulohy spole\v cn\'eho projektu
                  "Dynamika \v cerpac\'\i ho syst\'emu pro dopravu
                  suspenz\'\i", GA\,\v CR, 101/03/0229, 2003-2005}
}

@Book{Osher,
  author =       {S. Osher and R. Fedkiw},
  title =        {Level Set Methods and Dynamic Implicit Surfaces},
  publisher =    {Springer, New York},
  year =         2003
}

@InProceedings{PANM06,
  author =       {V. Dolej{\v s}{\'\i}},
  title =        {An efficient implementation of the semi-implicit
                  discontinuous {G}alerkin method for compressible flow
                  simulation},
  booktitle =    {Programs and Algorithms of Numerical Mathematics 13},
  pages =        {74--79},
  year =         2006,
  editor =       {J. Chleboun, K. Segeth, T. Vejchodsk\'y},
  publisher =    {Programs and Algorithms of Numerical Mathematics 13,
                  Academy of Science of the Czech Republic, Prague}
}

@Article{Padula,
  author =       {M. Padula},
  title =        {Existence and uniqueness for viscous steady
                  compressible motions},
  journal =      {Arch. Rational Mach., Anal.},
  year =         1987,
  volume =       97,
  pages =        {89-102}
}

@PhdThesis{PhD-Riviere,
  author =       {B.~Rivi\`ere},
  title =        {Discontinuous {G}alerkin Methods for Solving the
                  Miscible Displacement Problem in Porous Media},
  school =       {The University of Texas at Austin},
  year =         2000,
  month =        {May}
}

@Book{Pironneau,
  author =       {O. Pironneau},
  title =        {Finite Element Methods for Fluids},
  publisher =    {Wiley, Chichester -- New York -- Brisbane -- Toronto
                  -- Singapore},
  year =         1989
}

@Book{Powell,
  author =       {M. J. D. Powell},
  title =        {Approximation Theory and Methods},
  publisher =    {Cambridge University Press},
  year =         1981
}

@Book{Quarteroni,
  author =       {A. Quarteroni and R. Sacco and F. Saleri},
  title =        {Numerical mathematics},
  publisher =    {Springer-Verlag},
  year =         2000,
  volume =       37,
  series =       {Texts in Applied Mathematics}
}

@Book{REKTORYS,
  author =       {Karel Rektorys},
  title =        {P\v{r}ehled u\v{z}it\'e matematiky (Summary of applied
                  mathematics)},
  publisher =    {SNTL, Prague},
  year =         1988,
}

@InCollection{RG,
  author =       {R. Bank and A. Sherman and A. Weiser},
  title =        {Refinement algorithm and data structures for regular
                  local mesh refinement},
  booktitle =    {Scientific Computing},
  publisher =    {IMACS North--Holland, Amsterdam},
  year =         1983,
  editor =       {R. Stepleman et al.},
  volume =       44,
  pages =        {3-17}
}

@InProceedings{ROUEN-96,
  author =       "V. Dolej{\v s}{\'\i} and Ph. Angot",
  title =        "Finite {V}olume {M}ethods on {U}nstructured {M}eshes
                  for {C}ompressible {F}lows",
  editor =       "F. Benkhaldoun and R. Vilsmeier",
  pages =        "667-674",
  booktitle =    "Finite Volumes for Complex Applications (Problems and
                  Perspectives)",
  year =         1996,
  publisher =    "Hermes, Rouen"
}

@book{RST08,
  Author =       {H.-G. Roos and M. Stynes and L. Tobiska},
  Title =        {Robust Numerical Methods for Singularly Perturbed
                  Differential
                  Equations. {C}onvection--Diffusion--Reaction and Flow
                  Problems. 2nd ed.},
  Publisher =    {Springer-Verlag},
  Address =      {Berlin},
  Year =         2008
}

@Article{RST96,
  author =       "H.-G. Roos and M. Stynes and L. Tobiska",
  title =        "Numerical {M}ethods for {S}ingularly {P}erturbed
                  {D}ifferential {E}quation",
  journal =      "Springer Series in Computational Mathematics",
  volume =       24,
  year =         1996,
  note =         "Springer-Verlag, Berlin"
}

@Article{RWG,
  author =       {B. Rivi{\`e}re and M. F. Wheeler and V. Girault},
  title =        {A priori error estimates for finite element methods
                  based on discontinuous approximation spaces for
                  elliptic problems},
  journal =      {SIAM J. Numer. Anal.},
  year =         2001,
  volume =       39,
  number =       3,
  pages =        {902-931}
}

@Article{RWG01,
  author =       {B. Rivi{\`e}re and M. F. Wheeler and V. Girault},
  title =        {A priori error estimates for finite element methods
                  based on discontinuous approximation spaces for
                  elliptic problems},
  journal =      {SIAM J. Numer. Anal.},
  year =         2001,
  volume =       39,
  number =       3,
  pages =        {902-931}
}

@Article{RWG99,
  author =       {B. Rivi{\`e}re and M. F. Wheeler and V. Girault},
  title =        {Improved energy estimates for interior penalty,
                  constrained and discontinuous {G}alerkin methods for
                  elliptic problems. {I}.},
  journal =      {Comput. Geosci.},
  year =         1999,
  volume =       3,
  number =       {3-4},
  pages =        {337-360}
}

@Unpublished{Radespiel,
  author =       {R. Radespiel and R. C. Swanson},
  title =        {An Investigation of Cell Centered and Cell Vertex
                  Multigrid Schemes for the {N}avier-{S}tokes equations},
  note =         {AIAA paper No. 89-0453},
  year =         1989
}

@InProceedings{Rannacher-dual,
  author =       {R. Rannacher},
  title =        {Adaptive finite element methods},
  booktitle =    {NATO--Summer School: Error Control and Adaptivity in
                  Scientific Computing},
  editor =       {H. Bulgak, C. Zenger},
  year =         1998,
  publisher =    {Kluwer, Academic Publishers },
  pages =        {247-278}
}

@TechReport{Reed-Hill,
  author =       {W. H. Reed and T. R. Hill},
  title =        {Triangular mesh methods for the neutron transport
                  equation},
  institution =  {Los Alamos Scientific Laboratory},
  year =         1973,
  number =       {LA--UR--73--479}
}

@Book{Rek,
  author =       {K. Rektorys},
  title =        {The Method of Discretization in Time and Partial
                  Differential Equations},
  publisher =    {Reidel, Dodrecht},
  year =         1982
}

@PhdThesis{Rokyta,
  author =       {M. Rokyta},
  title =        {Euler Equations and Their Numerical Solution by the
                  Finite Volume Method},
  school =       {Charles University of Prague},
  year =         1992
}

@Book{Rudin,
  author =       {W. Rudin},
  title =        {Real and complex analysis},
  publisher =    {McGraw-Hill, New York},
  year =         1987,
  edition =      {3rd}
}

@InProceedings{SA-01,
  author =       {V. Dolej{\v s}{\'\i}, J. Felcman},
  title =        {An Alternative Mathematical Formulation of Anisotropic
                  Mesh Adaptation},
  booktitle =    {Proceedings of the international conference Software
                  and Algorithms of Numerical Mathematics},
  year =         2001,
  pages =        {(to apper)}
}

@InProceedings{SA-01-1,
  author =       {M. Bej{\v c}ek and V. Dolej{\v s}{\'\i} and
                  M. Feistauer},
  title =        {On Discontinuous {G}alerkin Method for Numerical
                  Solution of Conservation Laws and
                  Convection--Diffusion Problems},
  booktitle =    {Proceedings of the XIV Summer School Software and
                  Algorithms of Numerical Mathematics},
  year =         2002,
  pages =        {7-32}
}

@InProceedings{SA99,
  author =       {M. Feistauer and V. Dolej{\v s}\'{\i} and J. Felcman
                  and A. Klikov\'a and M. Rokyta:},
  title =        {Numerical schemes for nonlinear convection--diffusion
                  problems, theory and applications},
  booktitle =    {Proceedings of the International Conference Software
                  and Algorithms of Numerical Mathematics},
  year =         1999,
  month =        {September},
  address =      {Ne{\v c}tiny},
  pages =        {51-74}
}

@InProceedings{SA99-1,
  author =       {J. Felcman and V. Dolej{\v s}{\'\i} and M. Feistauer
                  and P. {\v S}ol{\'\i}n},
  title =        {Numerics for convection dominated flow},
  booktitle =    {Proceedings of the international conference Software
                  and Algorithms of Numerical Mathematics},
  year =         1999,
  address =      {Ne\v{c}tiny},
  month =        {September},
  pages =        {75-94}
}

@TechReport{SAFARIK,
  author =       {M. {\v S}{t}astn{\'y} and P. {\v S}afa{\v r}{\'\i}k},
  title =        {Experimental Analysis Data on the Transonic Flow Past
                  a Plane Turbine},
  institution =  {ASME Paper 90-GT-313, New York},
  year =         1990
}

@TechReport{SAFARIK2,
  author =       {M. {\v S}{t}astn{\'y} and P. {\v S}afa{\v r}{\'\i}k},
  title =        {Boundary Layer Effects on the Transonic Flow in a
                  Straight Turbine Cascade},
  institution =  {ASME Paper 92-GT-155, New York},
  year =         1992
}

@Article{SCBrenner,
  author =       {S. C. Brenner},
  title =        {Poincare-{F}riedrichs inequalities for piecewise {H}-1
                  functions},
  journal =      {SIAM Journal on Numerical Analysis},
  year =         2003,
  volume =       41,
  number =       1,
  pages =        {306-324}
}

@InProceedings{SFWW,
  author =       {Th. Sonar and J. Felcman and G. Warnecke and
                  W. Wendland },
  title =        {Adaptive {B}erechnung kompressible
                  {S}tr{\"o}mungsfelder},
  booktitle =    {Str{\"o}mungen mit Abl{\"o}sung, Proc. of
                  8. DGLR--Fach--Symposium },
  year =         1992,
  publisher =    {DGLR--Bericht 92--07, Bonn},
  address =      {K{\"o}ln--Porz},
  month =        {Nov.},
  pages =        {345-350}
}

@Article{SOD,
  author =       {G. A. Sod},
  title =        {A survey of several finite difference methods for
                  system of nonlinear hyperbolic conservation laws},
  journal =      {J. Comput. Phys.},
  year =         1978,
  volume =       27,
  pages =        {1-31}
}

@Book{SODE1,
  author =       {E. Hairer and S. P. Norsett and G. Wanner},
  title =        {Solving ordinary differential equations I, Nonstiff
                  problems},
  publisher =    {Springer Verlag},
  year =         2000,
  number =       8,
  series =       {Springer Series in Computational Mathematics},
}

@Book{SODE2,
  author =       {E. Hairer and G. Wanner},
  title =        {Solving ordinary differential equations II, Stiff and
                  differential-algebraic problems},
  publisher =    {Springer Verlag},
  year =         2002
}

@Article{ST89,
  author =       "F. Schieweck and L. Tobiska",
  title =        "A nonconforming finite element method of upstream type
                  applied to the stationary {N}avier -- {S}tokes
                  equation",
  journal =      "$M^2AN$",
  year =         1989,
  volume =       23,
  pages =        "627-647"
}

@Article{STDGM,
  author =       {M. Vlas\'ak and V. Dolej{\v s}{\'\i} and J. H{\'a}jek},
  title =        {A priori error estimates of an extrapolated space-time
                  discontinuous {G}alerkin method for nonlinear
                  convection-diffusion problems},
  journal =      {Numer. Methods Partial Differ. Equations},
  year =         {(in press)}
}

@InProceedings{STRANG,
  author =       "G. Strang",
  title =        "Variational crimes in the finite element method",
  pages =        "689-710",
  booktitle =    "The Mathematical Foundations of the Finite Element
                  Method",
  editor =       {A. K. Aziz},
  year =         1972,
  publisher =    "Academic Press",
  address =      {New York}
}

@Manual{SW-AMG-1.0,
  title =        "Anisotropic mesh generator",
  author =       "V. Dolej{\v s}\'\i",
  organization = "MFF UK Praha",
  year =         1996,
  note =         "Version 1.0, 270 kB"
}

@Manual{SW-BFV-1.0,
  title =        "Barycentric finite volumes for {NS} equations",
  author =       "V. Dolej{\v s}\'\i",
  organization = "MFF UK Praha",
  year =         1996,
  note =         "Version 1.0, 410 kB"
}

@Manual{SW-HOS-1.0,
  title =        "Higher order schemes for {FVM}",
  author =       "V. Dolej{\v s}\'\i",
  organization = "MFF UK Praha",
  year =         1996,
  note =         "Version 1.0, 80 kB"
}

@Article{Sainsaulieu1,
  author =       {L. Sainsaulieu},
  title =        {Traveling waves solution of convection-diffusion
                  systems whose convection terms are weakly
                  nonconservative: application to the modeling of
                  two-phase fluid flows},
  journal =      {SIAM J. Appl. Math.},
  year =         1995,
  volume =       55,
  number =       6,
  pages =        {1552--1576}
}

@Article{Sainsaulieu2,
  author =       {L. Sainsaulieu},
  title =        {Traveling-wave solutions of convection-diffusion
                  systems in nonconservation form},
  journal =      {SIAM J. Math. Anal.},
  year =         1996,
  volume =       27,
  number =       5,
  pages =        {1286--1310}
}

@Article{Schochet,
  author =       {S. Schochet},
  title =        {The compressible {E}uler equations in a bounded
                  domain: {E}xistence of solutions and incompressible
                  limit},
  journal =      {Comm. Math. Phys.},
  year =         1986,
  volume =       104,
  pages =        {49-75}
}

@Article{Schotzau-Wihler,
  author =       {D. Sch\"otzau and T. P. Wihler},
  title =        {Exponential convergence of mixed $hp$-{DGFEM} for
                  {S}tokes flow in polygons},
  journal =      {Numer. Math.},
  year =         2003,
  volume =       96,
  pages =        {339-361}
}

@Article{SchotzauSchwab,
  author =       {D. Sch{\"o}tzau and C. Schwab},
  title =        {An {\it hp} a priori error analysis of the
                  discontinuous {G}alerkin time-stepping for initial
                  value problems},
  journal =      {Calcolo},
  year =         2000,
  volume =       37,
  pages =        {207-232}
}

@TechReport{Schwab,
  author =       {C. Schwab},
  title =        {{Discontinuous {G}alerkin method}},
  institution =  {ETH Z{\"u}rich},
  year =         2000
}

@Book{Schwab-book,
  author =       {C. Schwab},
  title =        {{$p$}- and {$hp$}-Finite Element Methods},
  publisher =    {Clarendon Press},
  address =      {Oxford},
  year =         1998
}

@InCollection{Shu98,
  author =       {C.W. Shu},
  title =        {Essentially non-oscillatory and weighted essentially
                  non-oscillatory schemes for hyperbolic conservation
                  laws},
  booktitle =    {Advanced numerical approximation of nonlinear
                  hyperbolic equations},
  pages =        {325-432},
  publisher =    {Berlin: Springer},
  year =         1998,
  editor =       {A. Quarteroni et al},
  series =       {Lect. Notes Math. 1697}
}

@Book{Solin-book,
  author =       {P. {\v S}ol{\'\i}n and K. Segeth and I. Dole{\v z}el},
  title =        {Higher-Order Finite Element Methods},
  publisher =    {Chapman \& Hall/CRC Press},
  year =         2003
}

@Book{Solin-book2,
  author =       {P. {\v S}ol{\'\i}n},
  title =        {Partial differential equations and the finite element
                  method},
  publisher =    {Wiley-Interscience, New York},
  year =         2004,
  series =       {Pure and Applied Mathematics}
}

@InProceedings{Stoufflet85,
  author =       {B. Stoufflet},
  title =        {Implicit finite element methods for the {E}uler
                  equations},
  booktitle =    {Numerical methods for the {E}uler equations of fluid
                  dynamics},
  pages =        {409-434},
  year =         1985,
  series =       {Proc. INRIA Workshop, Rocquencourt/France 1983}
}

@PhdThesis{Sun-PhD,
  author =       {S. Sun},
  title =        {Discontinuous {G}alerkin methods for reactive
                  transport in porous media},
  school =       {The University of Texas, Austin},
  year =         2003
}

@Article{Sun05,
  author =       {S. Sun and M. F. Wheeler},
  title =        {Symmetric and nonsymmetric discontinuous {G}alerkin
                  methods for reactive transport in porous media},
  journal =      {SIAM J. Numer. Anal.},
  year =         2005,
  volume =       43,
  number =       1,
  pages =        {195-219}
}

@Article{Sun05a,
  author =       {S. Sun and M. F. Wheeler},
  title =        {Discontinuous {G}alerkin methods for coupled flow and
                  reactive transport problems},
  journal =      {Appl. Numer. Math.},
  year =         2005,
  volume =       52,
  pages =        {273-298}
}

@InCollection{T89,
  author =       {L. Tobiska},
  title =        {Full and weighted upwind finite element methods},
  booktitle =    {Splines in Numerical Analysis Mathematical Research
                  Volume},
  publisher =    {Akademie-Verlag, Berlin},
  year =         1989,
  editor =       {J. W. Schmidt and H. Spath},
  volume =       32
}

@Article{TASK,
  author =       {V.~Dolej{\v s}{\'\i}},
  title =        {Numerical simulation of compressible flow through
                  cascade of profiles},
  journal =      {TASK Quarterly},
  year =         2002,
  volume =       6,
  number =       1,
  pages =        {???}
}

@InProceedings{TORO-VHO,
  author =       {E. F. Toro and R. C. Millington and L. A. M. Nejad},
  title =        {Towards very high order {G}odunov schemes},
  booktitle =    {{G}odunov methods. Theory and applications},
  editor =       {E. F. Toro},
  year =         2001,
  publisher =    {Kluwer Academic/ Plenum Publishers},
  pages =        {907-940}
}

@Article{TVD,
  author =       {C. W. Shu},
  title =        {TVD time discretization},
  journal =      {SIAM J. Sci. Stat. Comput.},
  year =         1988,
  volume =       9,
  pages =        {1073-1084}
}

@Article{Tani,
  author =       {A. Tani},
  title =        {On the first initial -- boundary value problem of
                  compressible viscous fluid motion},
  journal =      {Publ. RIMS Kyoto Univ.},
  year =         1977,
  volume =       13,
  pages =        {193-253}
}

@Book{Temam,
  author =       {R. Temam},
  title =        {Navier--Stokes Equations. Theory and numerical
                  analysis},
  publisher =    {North--Holland, Ams\-ter\-dam--New York--Oxford},
  year =         1977
}

@Book{Teman,
  author =       {R. Temam},
  title =        {Navier--Stokes Equations. Theory and numerical
                  analysis},
  publisher =    {North--Holland, Ams\-ter\-dam--New York--Oxford},
  year =         1977
}

@PhdThesis{Thesis,
  author =       {V. Dolej{\v s}{\'\i}},
  title =        {Sur des m\'ethodes combinant des volumes finis et des
                  \'el\'ements finis pour le calcul d'\'ecoulements
                  compressibles sur des maillages non structur\'es},
  school =       {Charles Univeristy Prague and Universit\'e
                  Mediterann\'ee Aix--Marseille II},
  year =         1998
}

%%%%%%% rh

@Book{Toro,
  author =       {E. F. Toro},
  title =        {{R}iemann Solvers and Numerical Methods for Fluid
                  Dynamics},
  publisher =    {Springer-Verlag, Berlin},
  year =         1997
}

@Article{VFRoe,
  author =       {J. M. Masella and I. Faille and T.  Gallou\"et},
  title =        {On an approximate {G}odunov scheme},
  journal =      {Int. J. Comput. Fluid Dyn.},
  year =         1999,
  volume =       12,
  number =       2,
  pages =        {133--149}
}

@Article{VFRoencv,
  author =       {T. Buffard and T. Gallou\"et and J. M. H\'erard},
  title =        {A sequel to a Rough {G}odunov Scheme: Application to
                  Real Gases},
  journal =      {Comput. Fluids},
  year =         2000,
  volume =       29,
  number =       7,
  pages =        {813-847}
}

@Unpublished{Valli,
  author =       {A. Valli},
  title =        {Mathematical results for compressible flows},
  note =         {Preprint Univ. degli Studi di Trento},
  year =         1992
}

@Article{Valli-Zajaczkowski,
  author =       {A. Valli and W. M. Zajaczkowski},
  title =        {{N}avier -- {S} tokes equations for compressible
                  fluids: {G}lobal existence and qualitative properties
                  of the solution in the general case},
  journal =      {Comm. Math. Phys.},
  year =         1986,
  volume =       103,
  pages =        {259-296}
}

@Article{Vijaya,
  author =       "G. Vijayasundaram",
  title =        "Transonic flow simulation using upstream centered
                  scheme of {G}odunov type in finite elements",
  journal =      "J. Comput. Phys.",
  year =         1986,
  volume =       63,
  pages =        "416-433"
}

@PhdThesis{Vohralik-habil,
  author =       {M. Vohral{\'\i}k},
  title =        {A posteriori error estimates, stopping criteria and
                  inexpensive implementation},
  school =       {Universit\'e Pierre et Marie Curie -- Paris 6},
  year =         2010,
  type =         {Habilitation thesis}
}

@Article{VohralikStrakos10,
  author =       {P. Jir\'anek and Z. Strako{\v s} and M.  Vohral{\'\i}k
                  },
  title =        {A posteriori error estimates including algebraic error
                  and stopping criteria for iterative solvers. },
  journal =      {SIAM J. Sci. Comput. },
  year =         2010,
  volume =       32,
  number =       3,
  pages =        {1567–1590}
}

@Article{WENO,
  author =       {C. W. Shu and S. Osher},
  title =        {Efficient implementation of essentially
                  non-oscillatory shock-capturing schemes},
  journal =      {J. of Comput. Phys.},
  year =         1988,
  volume =       77,
  pages =        {439-471}
}

@Article{WWCL,
  author =       {P. Woodward and P. Colella},
  title =        {The Numerical Simulation of Two-Dimensional Fluid Flow
                  with Strong Shocks},
  journal =      {J. of Comput. Phys.},
  year =         1984,
  volume =       54,
  pages =        {115-173}
}

@Article{WerderSchwab,
  author =       {T. Werder and K. Gerdes and D. Sch{\"o}tzau and
                  C. Schwab},
  title =        {{\it hp}-discontinuous {G}alerkin time stepping for
                  parabolic problems},
  journal =      {Comput. Methods Appl. Mech. Eng.},
  year =         2001,
  volume =       190,
  pages =        {6685-6708}
}

@Book{Wesseling,
  author =       {P.~Wesseling},
  title =        {Principles of Computational Fluid Dynamics},
  publisher =    {Springer, Berlin},
  year =         2001
}

@Article{Whe78,
  author =       {M.F. Wheeler},
  title =        {An elliptic collocation-finite element method with
                  interior penalties},
  journal =      {SIAM J. Numer. Anal},
  year =         1978,
  volume =       15,
  number =       4,
  pages =        {152-161}
}

@Article{Wheeler,
  author =       {M.F. Wheeler},
  title =        {An elliptic collocation-finite element method with
                  interior penalties},
  journal =      {SIAM J. Numer. Anal},
  year =         1978,
  volume =       15,
  number =       4,
  pages =        {152-161}
}

@PhdThesis{Wihler-PhD,
  author =       {T. P. Wihler},
  title =        {Discontinuous {G}alerkin FEM for Elliptic Problems in
                  Polygonal Domains},
  school =       {ETH Z\"urich},
  year =         2002
}

@Article{ZAMM-FD-96,
  author =       "J. Felcman and V. Dolej{\v s}{\'\i}",
  title =        "Adaptive {M}ethods for the {S}olution of the {E}uler
                  {E}quations in {E}lements of the {B}lade {M}achines",
  journal =      "ZAMM",
  year =         1996,
  volume =       76,
  number =       {S4},
  pages =        "301-304"
}

@Article{ZAMM-FD-97,
  author =       "J. Felcman and V. Dolej{\v s}\'\i",
  title =        "Numerical {S}olution of {C}ompresssible {F}low",
  journal =      "ZAMM",
  year =         1997,
  volume =       77,
  pages =        "473-476"
}

@Article{ZAMM-FFD-96,
  author =       "M. Feistauer and J. Felcman and V. Dolej{\v s}{\'\i}",
  title =        "Numerical Simulation of Compresssible Viscous flow
                  through Cascades of Profiles",
  journal =      "ZAMM",
  year =         1996,
  volume =       76,
  number =       {S4},
  pages =        "297-300"
}

@Article{ZR96,
  author =       "G. Zhou and R. Rannacher",
  title =        "Pointwise superconvergence of streamline diffusion
                  finite -- element method.",
  journal =      "Numer. Methods Partial Differ. Equations",
  year =         1996,
  volume =       12,
  pages =        "123-145"
}

@Article{ZZ,
  author =       {O. C. Zienkiewicz and J. Z. Zhu},
  title =        {A simple error estimator and adaptive procedure for
                  practical engineering analysis},
  journal =      {Internat. J. Numer. Methods Engrg.},
  year =         1987,
  volume =       24,
  pages =        {337-357}
}

@Article{ZZ1,
  author =       {O. C. Zienkiewicz and J. Z. Zhu},
  title =        {The superconvergent patch recovery and a-posteriori
                  error estimates. {P}art 1: The recovery technique},
  journal =      {Internat. J. Numer. Methods Engrg.},
  year =         1992,
  volume =       33,
  pages =        {1331-1364}
}

@Article{ZZ2,
  author =       {O. C. Zienkiewicz and J. Z. Zhu},
  title =        {The superconvergent patch recovery and a-posteriori
                  error estimates. {P}art 2: Error estimated and
                  adaptivity},
  journal =      {Internat. J. Numer. Methods Engrg.},
  year =         1992,
  volume =       33,
  pages =        {1365-1382}
}

@Book{ZeidlerIIB,
  author =       {E. Zeidler},
  title =        {Nonlinear functional analysis and its
                  applications. {II}/{B}, {N}onlinear monotone
                  operators},
  publisher =    {New York, Springer},
  year =         1985
}

@Book{Zenisek,
  author =       {A . {\v Z}en{\'\i}{\v s}ek},
  title =        {Nonlinear Elliptic and Evolution Problems and Their
                  Finite Element Approximations},
  publisher =    {Academic Press, London},
  year =         1990
}

@Article{Zhao,
  author =       {H.K. Zhao and S. Osher and B. Merriman and M. Kang},
  title =        {Implicit and non-parametric shape reconstruction from
                  unorganized points using variational level set method},
  journal =      {Computer Vision and Image Understanding},
  year =         2000,
  volume =       80,
  number =       3,
  pages =        {295-319}
}

@Article{Zho95,
  author =       "G. Zhou",
  title =        "A local ${L}^2-${\,}error analysis of the streamline
                  diffusion method for nonstationary
                  convection--diffusion systems",
  journal =      "$M^2AN$",
  year =         1995,
  volume =       29,
  pages =        "577-603"
}

@MastersThesis{Zoubek,
  author =       {M. Zoubek},
  title =        {Adaptive methods for the solution of three dimensional
                  flow},
  school =       {Charles University, Prague},
  year =         2001,
  note =         {(in Czech)}
}

@Book{agmon,
  author =       {S. Agmon},
  title =        {Lectures on Elliptic Boundary Value Problems},
  publisher =    {Van Nostrand, Princeton, NJ},
  year =         1965
}

@Article{algor05,
  author =       {M. Feistauer and V. Dolej\v{s}\'{\i} and V. Ku{\v
                  c}era},
  title =        {On the discontinuous {G}alerkin method for the
                  simulation of compressible flow with wide range of
                  Mach numbers},
  journal =      {Comput Visual Sci},
  year =         2007,
  volume =       10,
  pages =        {17-27}
}

@Manual{angener,
  title =        {ANGENER -- software package},
  author =       {V. Dolej{\v s}{\'\i}},
  organization = {Charles University Prague, Faculty of Mathematics and
                  Physics},
  edition =      {version 3.0},
  year =         2000,
  note =         {webpage:
                  http://www.karlin.mff.cuni.cz/dolejsi/angen.html}
}

@InProceedings{arm,
  author =       {P. Arminjon and A. Madrane},
  title =        {A mixed finite volume/finite element method for
                  2-dimensional compressible {N}avier--{S}tokes
                  equations on unstructured grids},
  booktitle =    {Hyperbolic Problems: Theory, Numerics, Applications},
  pages =        {11-20},
  year =         1999,
  editor =       {M.~Fey and R.~Jeltsch},
  volume =       {I},
  publisher =    {Birkh\"{a}user, Basel}
}

@Article{arnold82,
  author =       {D. N. Arnold},
  title =        {An interior penalty finite element method with
                  discontinuous elements},
  journal =      {SIAM J. Numer. Anal.},
  year =         1982,
  volume =       19,
  number =       4,
  pages =        {742-760}
}

@Article{ascher95,
  author =       {U. M. Ascher and S. J. Ruuth and B. T. R. Wetton},
  title =        {Implicit-explicit methods for time-dependent partial
                  differential equations},
  journal =      {SIAM J. Numer. Anal.},
  year =         1995,
  volume =       32,
  number =       3,
  pages =        {797-823}
}

@Article{aubin,
  author =       {J. P. Aubin},
  title =        {Behavior of the error of the approximate solutions of
                  boundary value problems for linear elliptic operators
                  by {G}alerkin's and finite difference methods},
  journal =      { Ann. Scuola Norm. Sup. Pisa},
  year =         1967,
  volume =       21,
  pages =        {588-637}
}

@Book{bab-str,
  author =       {I. Babu{\v s}ka and T. Strouboulis},
  title =        {The Finite Element Method and its Reliability,},
  publisher =    {Clarendon Press, Oxford},
  year =         2001
}

@Article{babuska-zlamal,
  author =       {I. Babu{\v s}ka and M. Zl{\'a}mal},
  title =        {Nonconforming elements in the finite element method
                  with penalty},
  journal =      {SIAM J. Numer. Anal.},
  year =         1973,
  volume =       10,
  pages =        {863--875}
}

@Article{baker77,
  author =       {C. A. Baker},
  title =        {Finite element ethods for elliptic equations using
                  nonconforming elements},
  journal =      {Math. Comp.},
  year =         1977,
  volume =       31,
  pages =        {45-59}
}

@Article{barett94,
  author =       {J.W. Barett and W. Liu},
  title =        {Quasi-error bounds for the finite element
                  approximation of a non-Newtonian flow},
  journal =      {Numer. Math.},
  year =         1994,
  volume =       68,
  pages =        {437-456}
}

@Article{bas-reb-JCP,
  author =       {F. Bassi and S. Rebay},
  title =        {High-order accurate discontinuous finite element
                  solution of the 2{D} {E}uler Equations},
  journal =      {J. Comput. Phys.},
  year =         1997,
  volume =       138,
  pages =        {251-285}
}

@Article{bas-reb-JCP1,
  author =       {F. Bassi and S. Rebay},
  title =        {A high-order accurate discontinuous finite element
                  method for the numerical solution of the compressible
                  {N}avier--{S}tokes equations},
  journal =      {J. Comput. Phys.},
  year =         1997,
  volume =       131,
  pages =        {267-279}
}

@Misc{bassi-basis,
  author =       {F. Bassi},
  title =        {Private communication, {C}harles {U}niversity
                  {P}rague},
  year =         2005
}

@Article{bassi05,
  author =       {F. Bassi and A. Crivellini and S. Rebay and M. Savini},
  title =        {Discontinuous {G}alerkin solution of the {R}eynolds
                  averaged {N}avier-{S}tokes and $k$-$\omega$ turbulence
                  model equations},
  journal =      {Comput. Fluids},
  year =         2005,
  volume =       34,
  pages =        {507-540}
}

@Article{bauman-oden,
  author =       {C. E. Baumann and J. T. Oden},
  title =        {A discontinuous $hp$ finite element method for the
                  {E}uler and {N}avier-{S}tokes equations},
  journal =      {Int. J. Numer. Methods Fluids},
  year =         1999,
  volume =       31,
  pages =        {79-95}
}

@TechReport{bauodpasc,
  author =       {S. Prudhomme and F. Pascal and J.T. Oden and
                  A. Romkes},
  title =        {Review of a priori error estimation fo discontinuous
                  {G}alerkin methods},
  institution =  {Laboratoire de Mathematiques, Universite Paris-Sud},
  year =         2002,
  number =       {RT 00-02}
}

@Article{bbo,
  author =       {I. Babu\v{s}ka and C. E. Baumann and J. T. Oden},
  title =        {A discontinuous $hp$ finite element method for
                  diffusion problems: 1-D analysis},
  journal =      {Computers and Mathematics with Applications},
  year =         1999,
  volume =       37,
  pages =        {103-122}
}

@TechReport{bechteler,
  author =       {G. Vogel and W. Bechteler and H.-B. Kleeberg and
                  H. Teichmann and H.-J. Vollmers},
  title =        {{I}nstation\"are {S}tr\"omung von
                  {W}asser-{F}eststoff-{G}emischen in
                  {D}ruckrohrleitungen},
  institution =  {Hochschule der Bundeswehr M\"unchen, Mitteilungen
                  Institut f\"ur Wasserwesen},
  year =         1983,
  number =       {10/1983},
  address =      {Neubiberg}
}

@Article{bo,
  author =       {C. E. Baumann and J. T. Oden},
  title =        {A discontinuous $hp$ finite element method for the
                  {E}uler and {N}avier-{S}tokes equations},
  journal =      {Int. J. Numer. Methods Fluids},
  year =         1999,
  volume =       31,
  number =       1,
  pages =        {79-95}
}

@InBook{boehmer,
  author =       {K.~B{\"o}hmer},
  title =        {Numerical Methods for Nonlinear Elliptic Differential
                  Equations},
  publisher =    {Oxford University Press},
  year =         2010
}

@Book{book,
  author =       {M. Feistauer and J.Felcman and I. Stra{\v s}kraba},
  title =        {Mathematical and {C}omputational {M}ethods for
                  {C}ompressible {F}low},
  publisher =    {Oxford University Press, Oxford},
  year =         2003
}

@Article{brezzietal,
  author =       {F. Brezzi and G. Manzini and D. Marini and P. Pietra
                  and A. Russo},
  title =        {Discontinuous {G}alerkin approximations for elliptic
                  problems},
  journal =      {Numer. Methods Partial Differ. Equations},
  year =         2000,
  volume =       16,
  pages =        {365-378}
}

@Article{bt,
  author =       {K. Baba and M. Tabata},
  title =        {On a conservative upwind finite element scheme for
                  convective diffusion equations},
  journal =      {RAIRO Anal. Num\'{e}r.},
  year =         1981,
  volume =       15,
  pages =        {3--25}
}

@Unpublished{bulgar,
  author =       {E. Bournaski and I. Ivanov},
  title =        {Unsteady slurry pipe flow with virtual mass effect},
  note =         {Institute of Water Problems, Sofia, Bulgaria},
  year =         {preprint}
}

@Article{bulgar2,
  author =       {E. Bournaski},
  title =        {Numerical simulation of unsteady multiphase pipeline
                  flow with virtual mass effect },
  journal =      {Internat. J. Numer. Methods Engrg.},
  year =         1992,
  volume =       34,
  number =       3,
  pages =        {727-740}
}

@Article{busto:89,
  author =       {R. Busto and W. D. Dietrich and M. Y. Globus and
                  M. D. Ginsberg},
  title =        {The importance of brain temperature in cerebral
                  ischemic injury},
  journal =      {Stroke},
  year =         1989,
  volume =       20,
  pages =        {1114-1134}
}

@Article{castro06,
  author =       {M. Castro and J. M. Gallardo and C. Pare´s},
  title =        {High order finite volume schemes based on
                  reconstruction of states for solving hyperbolic
                  systems with nonconservative products.  {A}pplication
                  to shallow-water systems},
  journal =      {Math. Comput.},
  year =         2006,
  volume =       75,
  pages =        1103
}

@Article{ccss,
  author =       {P. Castillo and B. Cockburn and D. Sch\"{o}tzau and
                  C. Schwab},
  title =        {Optimal a priori estimates for the $hp$--version of
                  the local discontinuous {G}alerkin method for
                  convection--difussion problems},
  journal =      {Math. Comp.},
  year =         2002,
  volume =       71,
  number =       238,
  pages =        {455-478}
}

@article{chrysafinos,
  author =       "Chrysafinos, K. and Walkington, Noel J.",
  title =        "{Error estimates for the discontinuous {G}alerkin
                  methods for parabolic equations.}",
  journal =      "SIAM J. Numer. Anal. ",
  volume =       44,
  number =       1,
  pages =        "349-366",
  year =         2006,
}

@article{chrysafinos2,
  author =       "Chrysafinos, K. and Walkington, Noel J.",
  title =        "{Error estimates for discontinuous {G}alerkin
                  approximations of implicit parabolic equations.}",
  journal =      "SIAM J. Numer. Anal. ",
  volume =       43,
  number =       6,
  pages =        "2478-2499",
  year =         2006,
}

@Proceedings{cks,
  title =        {Discontinuous {G}alerkin Methods},
  year =         2000,
  booktitle =    {Lecture Notes in Computational Science and Engineering
                  11.},
  editor =       {B. Cockburn and G. E. Karniadakis and C.--W. Shu},
  publisher =    {Springer, Berlin}
}

@InCollection{cock,
  author =       {B. Cockburn},
  title =        {Discontinuous {G}alerkin methods for convection
                  dominated problems},
  booktitle =    {High--Order Methods for Computational Physics},
  publisher =    {Springer, Berlin},
  year =         1999,
  editor =       {T. J. Barth and H. Deconinck},
  series =       {Lecture Notes in Computational Science and Engineering
                  9},
  pages =        {69-224}
}

@Article{cock_ZAMM,
  author =       {B. Cockburn},
  title =        {Discontinuous Gakerkin methods},
  journal =      {ZAMM},
  year =         2003,
  volume =       11,
  number =       83,
  pages =        {731-754}
}

@Article{cockburn05:_ldg_navier_stokes,
  author =       {B. Cockburn and G. Kanschat and D. Sch{\"o}tzau},
  title =        {A locally conservative LDG method for the
                  incompressible Navier-Stokes equations},
  journal =      {Math. Comput. },
  year =         2005,
  volume =       74,
  number =       251,
  pages =        {1067-1095}
}

@Article{conver,
  author =       { Angot, Ph. and Dolej{\v s}{\'\i}, V. and Feistauer,
                  M. and Felcman, J.},
  title =        {Analysis of a combined barycentric finite volume --
                  nonconforming finite element method for nonlinear
                  convection-diffusion problems},
  journal =      { Appl. Math.},
  year =         1998,
  volume =       43,
  number =       4,
  pages =        { 263--310}
}

@Article{corli,
  author =       {A. Corli and H. Fan},
  title =        {The {R}iemann problem for a three-phase flow},
  journal =      {Far East J. Appl. Math.},
  year =         2004,
  volume =       15,
  number =       2,
  pages =        {245--257}
}

@Article{crouzeix80,
  author =       {M. Crouzeix},
  title =        {Une m{\'e}thode multipas implicit-explicit pour
                  l'approximation des {\'e}quations d'{\'e}volutions
                  paraboliques},
  journal =      {Numer. Math.},
  year =         1980,
  volume =       35,
  pages =        {257-276}
}

@Article{df04full,
  author =       {V. Dolej{\v s}{\'\i} and M. Feistauer and J. Hozman },
  title =        {Analysis of Semi-Implicit {DGFEM} for Nonlinear
                  Convection-Diffusion Problems},
  journal =      {Comput. Methods Appl. Mech. Engrg.},
  year =         2007,
  volume =       196,
  pages =        {2813--2827}
}

@Article{df04sym,
  author =       {V. Dolej{\v s}{\'\i} and M. Feistauer },
  title =        {Error estimates of the discontinuous {G}alerkin method
                  for nonlinear nonstationary convection-diffusion
                  problems},
  journal =      {Numer. Funct. Anal. Optim.},
  year =         2005,
  volume =       26,
  number =       3,
  pages =        {349-383}
}

@Article{dfks2008,
  author =       {V. Dolej{\v s}{\'\i} and M. Feistauer and V. Ku{\v
                  c}era and V. Sobot{\'\i}kov{\'a}},
  title =        {An optimal {$L^{\infty}(L^2)$}-error estimate of the
                  discontinuous {G}alerkin method for a nonlinear
                  nonstationary convection-diffusion problem},
  journal =      {IMA J. Numer. Anal.},
  year =         2008,
  volume =       28,
  number =       3,
  pages =        {496-521}
}

@Article{dfsch,
  author =       {V. Dolej{\v s}{\'\i} and M. Feistauer and C. Schwab},
  title =        {A Finite Volume Discontinuous {G}alerkin Scheme for
                  Nonlinear Convection--Diffusion Problems},
  journal =      {Calcolo},
  year =         2002,
  volume =       39,
  pages =        {1-40}
}

@Article{dfsob,
  author =       {V. Dolej{\v s}{\'\i} and M. Feistauer and
                  V. Sobot{\'\i}kov\'a},
  title =        {Analysis of the discontinuous {G}alerkin method for
                  nonlinear convection–diffusion problems},
  journal =      {Comput. Methods Appl. Mech. Engrg.},
  year =         2005,
  volume =       194,
  pages =        {2709-2733}
}

@Article{dg_dir_neu,
  author =       {O. Havle and V. Dolej{\v s}{\'\i} and M. Feistauer},
  title =        {{DGFEM} for nonlinear convection-diffusion problems
                  with mixed {D}irichlet-{N}eumann boundary conditions},
  journal =      {Applications of Mathematics},
  year =         {(submitted)}
}

@Article{dgm2,
  author =       {V. Dolej{\v s}{\'\i} and M. Feistauer and
                  V. Sobot{\'\i}kov\'a},
  title =        {Analysis of the discontinuous {G}alerkin method for
                  nonlinear convection–diffusion problems},
  journal =      {Comput. Methods Appl. Mech. Eng.},
  year =         2005,
  volume =       194,
  pages =        {2709-2733}
}

@Article{dgm_eul,
  author =       {V. Dolej\v{s}\'{\i} and M. Feistauer and C. Schwab},
  title =        {On Discontinuous {G}alerkin Methods for Nonlinear
                  Convection--Diffusion Problems and Compressible Flow},
  journal =      {Mathematica Bohemica},
  year =         2002,
  volume =       127,
  number =       2,
  pages =        {163-179}
}

@Article{dgmfs,
  author =       {V. Dolej{\v s}{\'\i} and M. Feistauer and C. Schwab},
  title =        {A Finite Volume Discontinuous {G}alerkin Scheme for
                  Nonlinear Convection--Diffusion Problems},
  journal =      {Calcolo},
  year =         2002,
  volume =       39,
  pages =        {1-40}
}

@Book{duffie,
  author =       {D. Duffie},
  title =        {Dynamic Asset Pricing Theory},
  publisher =    {Princeton University Press, Princeton New Jersey},
  year =         1996
}

@Article{dumbser09:nonconser,
  author =       {M. Dumbser and M. Castro and C. Par\'es and
                  E. F. Toro},
  title =        {{ADER} schemes on unstructured meshes for
                  nonconservative hyperbolic systems: applications to
                  geophysical flows},
  journal =      {Comput. Fluids},
  year =         2009,
  volume =       38,
  pages =        {1731-1748}
}

@Article{dunavant,
  author =       {D. A. Dunavant},
  title =        {High degree efficient symmetrical Gaussian quadrature
                  rules for the triangle},
  journal =      {Int. J. Numer. Methods Eng.},
  year =         1985,
  volume =       21,
  pages =        {1129-1148}
}

@InProceedings{enumath07,
  author =       {M. Feistauer},
  title =        {Optimal error estimates in the {DGFEM} for nonlinear
                  convection-diffusion problems},
  booktitle =    {Numerical Mathematics and Advanced Applications,
                  ENUMATH 2007},
  year =         {(to appear)}
}

@Article{ern10:_apost,
  author =       {A. Ern and M. Vohral{\'\i}k},
  title =        {Aposteriori error estimation based on potential and
                  flux reconstruction for the heat equation,},
  journal =      {SIAM J. Numer. Anal.},
  year =         2010,
  volume =       48,
  pages =        {198-223}
}

@Article{errore,
  author =       {V. Dolej{\v s}{\'\i} and M. Feistauer and J. Felcman
                  and A. Klikov{\'a}},
  title =        {Error Estimates for Barycentric Finite Volumes
                  Combined with Nonconforming Finite Elements Applied to
                  Nonlinear Convection--Diffusion Problems},
  journal =      {Applications of Mathematics},
  year =         2002,
  volume =       47,
  number =       4,
  pages =        "301-340"
}

@Article{etna,
  author =       {M. Feistauer and V. Ku\v cera},
  title =        {Analysis of the DGFEM for nonlinear
                  convection-diffusion problem},
  journal =      {ETNA},
  year =         {(to appear)}
}

@Article{faille-heintze,
  author =       {I. Faille and E. Heintze},
  title =        {A rough finite volume scheme for modeling two-phase
                  flow in a pipeline},
  journal =      {Comput. Fluids},
  year =         1999,
  volume =       28,
  number =       2,
  pages =        {213--241}
}

@Article{fdks,
  author =       {M. Feistuaer and V. Dolej\v{s}\'{\i} and V. Ku{\v
                  c}era and V. Sobot{\'\i}kov\'a},
  title =        {$L^{\infty}(L^2)$-error estimates for the DGFEM
                  applied to convection-diffusion problems on
                  nonconforming meshes},
  journal =      {J. Numer. Math.},
  year =         2009,
  volume =       17,
  number =       1,
  pages =        {45--65}
}

@Article{fdks_noncof,
  author =       {M. Feistuaer and V. Dolej\v{s}\'{\i} and V. Ku{\v
                  c}era and V. Sobot{\'\i}kov\'a},
  title =        {$L^{\infty}(L^2)$-error estimates for the DGFEM
                  applied to convection-diffusion problems on
                  nonconforming meshes},
  journal =      {J. Numer. Math.},
  year =         2009,
  volume =       17,
  number =       1,
  pages =        {45--65}
}

@Article{fedg,
  author =       {V. Dolej\v{s}\'{\i} and M. Feistauer and C. Schwab},
  title =        {On some aspects of the Discontinuous {G}alerkin finite
                  element method for conservation laws},
  journal =      {Math. Comput. Simul.},
  year =         2003,
  volume =       61,
  pages =        {333-346}
}

@Article{feihasvad,
  author =       {M. Feistauer and J. H{\'a}jek and K. {\v S}vadlenka},
  title =        {Space-time discontinuos {G}alerkin method for solving
                  nonstationary convection-diffusion-reaction problems},
  journal =      {Appl. Math.},
  year =         2007,
  volume =       52,
  number =       3,
  pages =        {197-234}
}

@Article{feist89,
  author =       {M. Feistauer},
  title =        {On the finite element approximation of functions with
                  noninteger derivatives},
  journal =      {Numer. Funct. Anal. and Optimiz.},
  year =         1989,
  volume =       10,
  number =       {91-110}
}

@Article{feisvad,
  author =       {M. Feistauer and K. {\v S}vadlenka},
  title =        {Discontinuous {G}alerkin method of lines for solving
                  nonstationary singularly perturbed linear problems},
  journal =      {J. Numer. Math.},
  year =         2004,
  volume =       12,
  pages =        {97-118}
}

@Article{feisvad1,
  author =       {M. Feistauer and K. {\v S}vadlenka},
  title =        {Discontinuous {G}alerkin method of lines for solving
                  nonstationary singularly perturbed linear problems},
  journal =      {J. Numer. Math.},
  year =         2004,
  volume =       12,
  pages =        {97-118}
}

@Article{feisvad2,
  author =       {M. Feistauer and J. H{\'a}jek and K. {\v S}vadlenka},
  title =        {Space-time discontinuos {G}alerkin method for solving
                  nonstationary convection-diffusion-reaction problems},
  journal =      {Appl. Math., Praha},
  year =         2007,
  volume =       52,
  number =       3,
  pages =        {197-234}
}

@InProceedings{fel-3D,
  author =       {J. Felcman},
  title =        { On a 3{D} adaptation for compressible flow},
  booktitle =    {Finite Element Methods for Three-dimensional Problems},
  year =         2001,
  editor =       {P. Neittaanm{\"a}ki and M. K{\v r}{\'{\i}}{\v z}ek},
  publisher =    {GAKKOTOSHO CO., LTD},
  series =       {GAKUTO Internat. Series, Math. Sci. Appl.},
  volume =       15,
  address =      {Tokyo},
  organization = {University of Jyv{\"a}skyl{\"a}},
  pages =        {85-97}
}

@article{fhs-tdg,
  author =       "Feistauer, Miloslav and H\'ajek, Jaroslav and {\v
                  S}vadlenka, Karel",
  title =        "{Space-time discontinuos {G}alerkin method for solving
                  nonstationary convection-diffusion-reaction
                  problems.}",
  journal =      "Appl. Math., Praha ",
  volume =       52,
  number =       3,
  pages =        "197-233",
  year =         2007,
}

@Unpublished{filume:00,
  author =       {B. Fischer and M. Ludwig and A. Meister},
  title =        {An application of the finite volume method to the
                  thermoregulation of infants},
  year =         2000,
  note =         {Hamburg Beitr{\"a}ge zur Angewandten Mathematik, Reihe
                  F, Computational Fluid Dynamics and Data Analysis 12}
}

@Article{frank97,
  author =       {J. Frank and W. Hundsdorfer and J. G. Verwer},
  title =        {On the stability of implicit-explicit linear multistep
                  methods},
  journal =      {Appl. Numer. Math.},
  year =         1997,
  volume =       25,
  number =       6,
  pages =        {193-205}
}

@Article{gallouet-MP,
  author =       {T. Gallou\"et and J. M. H\'erard and N. Seguin},
  title =        {Numerical Modeling of Two-Phase Flows Using the
                  Two-Fluid Two-Pressure Approach},
  journal =      {Math. Models Methods Appl. Sci.},
  year =         2004,
  volume =       14,
  number =       5,
  pages =        {663-700}
}

@Article{gallouet-herard-seguin,
  author =       {T. Gallou\"et and J. M. H\'erard and N. Seguin},
  title =        {Some approximate {G}odunov schemes to compute
                  shallow-water equations with topography},
  journal =      {Comput. Fluids},
  year =         2003,
  volume =       32,
  number =       4,
  pages =        {479-513}
}

@Article{gallouet-herard-seguin2,
  author =       {T. Gallou\"et and J. M. H\'erard and N. Seguin},
  title =        {On the use of symmetrizing variables for vacuum},
  journal =      {Calcolo},
  year =         2003,
  volume =       40,
  number =       3,
  pages =        {163--194}
}

@InProceedings{gdansk2001,
  author =       {V.~Dolej{\v s}{\'\i}},
  title =        {Numerical simulation of compressible flow through
                  cascade of profiles},
  booktitle =    {proceeding of Seminar/Summer School CFD for
                  Turbomachinery Applications},
  year =         2001,
  organization = {Gdansk},
  note =         {CD-Rom}
}

@Article{gear71,
  author =       {C. W. Gear},
  title =        {The automatic integration of ordinary differential
                  equations},
  journal =      {Communication of the ACM},
  year =         1971,
  volume =       14,
  number =       3,
  pages =        {176-179}
}

@Book{gear71:book,
  author =       {C. W. Gear},
  title =        {Numerical initial value problems in ordinary
                  differential equations},
  publisher =    {Prentice-Hall, Inc., Englewood Cliffs, N.J.},
  year =         1971
}

@InProceedings{ghidaglia-coq-toumi,
  author =       {J. M. Ghidaglia and G. Le Coq and I. Toumi},
  title =        {Two flux schemes for computing two phase flows through
                  mutidimensional finite volume methods.},
  booktitle =    {Proceedings of the NURETH-9 conference},
  year =         1999,
  address =      {San Francisco},
  month =        {October},
  organization = {American Nuclear Society}
}

@Article{ghidaglia1996,
  author =       {J. M. Ghidaglia and A. Kumbaro and G. Le Coq},
  title =        {Une m\'ethode volumes-finis \`a flux
                  caract\'eristiques pour la r\'esolution num\'erique
                  des syst\`emes hyperboliques de lois de conservation},
  journal =      {C. R. Acad. Sc. Paris},
  year =         1996,
  volume =       322,
  number =       {I},
  pages =        {981-988}
}

@Article{ghidaglia2001,
  author =       {J. M. Ghidaglia and A. Kumbaro and G. Le Coq},
  title =        {On the numerical solution to two fluid models via a
                  cell centered finite volume method},
  journal =      {European Journal of Fluid Mechanics B/Fluids},
  year =         2001,
  volume =       20,
  number =       6,
  pages =        {841--867}
}

@Article{gluckman:92,
  author =       {P. D. Gluckman and C. E. Williams},
  title =        {When and why do brain cells die?},
  journal =      {Dev. Med. Child Neurol.},
  year =         1992,
  volume =       34,
  pages =        {1010-1014}
}

@Article{gosse,
  author =       {L. A. Gosse },
  title =        {A well-balanced flux-vector splitting scheme designed
                  for hyperbolic systems of conservation laws with
                  source terms},
  journal =      {Comput. Math. Appl.},
  year =         2000,
  volume =       39,
  number =       {9-10},
  pages =        {125--159}
}

@Book{gr,
  author =       {E. Godlewski and P.{\,}A. Raviart},
  title =        {Hyperbolic Systems of Conservation Laws},
  publisher =    {Paris: Ellipses},
  year =         1991,
  volume =       {3--4},
  series =       {Mathématiques \& Applications}
}

@Book{gr1,
  author =       {E. Godlewski and P. A. Raviart},
  title =        {Numerical Approximation of Hyperbolic Systems of
                  Conservation Laws},
  publisher =    {Springer, New York},
  year =         1996,
  volume =       118,
  series =       {Applied Mathematical Sciences}
}

@InProceedings{gradation,
  author =       {H. Borouchaki and F. Hecht and P. J. Frey},
  title =        {Mesh gradation Control},
  booktitle =    {Proceedings of 6th International Meshing Roundtable},
  year =         1997,
  address =      {Park City, Utah, USA}
}

@Article{greenberg-leroux,
  author =       {J. M. Greenberg and A. Y. Leroux },
  title =        {A well-balanced scheme for the numerical processing of
                  source terms in hyperbolic equations},
  journal =      {SIAM J. Numer. Anal.},
  year =         1996,
  volume =       33,
  number =       1,
  pages =        {1-16}
}

@Book{grisvard,
  author =       {P. Grisvard},
  title =        {Singularities in Boundary Value Problems},
  publisher =    {pringer, Berlin},
  year =         1992
}

@InBook{habil,
  author =       {V. Dolej{\v s}{\'\i}},
  title =        {Adaptive higher order methods for compressible flow},
  chapter =      {Anisotropic mesh adaptation method},
  publisher =    {Charles University Prague, Faculty of Mathematics and
                  Physics},
  year =         2003,
  note =         {Habilitation thesis}
}

@InProceedings{hack,
  author =       {W. Hackbusch},
  title =        {On first and second order box schemes},
  booktitle =    {Computing 44},
  pages =        {277-296},
  year =         1989
}

@Article{harthou2,
  author =       {R. Hartmann and P. Houston},
  title =        {Adaptive discontinuous {G}alerkin finite element
                  methods for the compressible {E}uler equations},
  journal =      {J. Comput. Phys.},
  year =         2002,
  volume =       183,
  number =       2,
  pages =        {508-532}
}

@Article{herbin,
  author =       {R. Herbin},
  title =        {An error estimate for a finite volume scheme for a
                  diffusion--convection problem on a triangular mesh},
  journal =      {Numer. Methods Partial Differ. Equations},
  year =         1995,
  volume =       11,
  number =       2,
  pages =        {165-173}
}

@Article{herbingaluet,
  author =       {S. Champier and T. Gallouet and R. Herbin},
  title =        {Convergence of an upstream finite volume scheme for a
                  nonlinear hyperbolic equation on a triangular mesh},
  journal =      {Numer. Math},
  year =         1993,
  volume =       66,
  number =       2,
  pages =        {139-157}
}

@Article{houston-robson-suli,
  author =       {P. Houston and J. Robson and E. S{\"u}li},
  title =        {Discontinuous {G}alerkin finite element approximation
                  of quasilinear elliptic boundary value problems {I}:
                  {T}he scalar case},
  journal =      {IMA J. Numer. Anal.},
  year =         2005,
  volume =       25,
  pages =        {726-749}
}

@article{hp-steady,
  author =       {V. Dolej{\v{s}}{\'{\i}}},
  title =        {$hp$-{DGFEM} for nonlinear convection-diffusion
                  problems with applications in compressible flows},
  journal =      {J. Comput. Appl. Math.},
  year =         {(submitted)}
}

@Article{hss,
  author =       {P. Houston and C. Schwab and E. S\"{u}li},
  title =        {Discontinuous $hp$-finite element methods for
                  advection-diffusion problems},
  journal =      {SIAM J. Numer. Anal.},
  year =         2002,
  volume =       39,
  number =       6,
  pages =        {2133-2163}
}

@InCollection{hss1,
  author =       {P. Houston and C. Schwab and E. S\"{u}li},
  title =        {$hp$-DGFEM for partial differential equations with
                  nonnegative characteristic form},
  booktitle =    {Discontinuous {G}alerkin methods. Theory, computation
                  and applications.},
  pages =        {221-230},
  publisher =    {Berlin, Springer},
  year =         2000,
  editor =       {B. Cockburn and G. E. Karniadakis and C.-W. Schu},
  volume =       11,
  series =       {Lect. Notes Comput. Sci. Eng.}
}

%%%%%%%%%%%%%%%%%%%%%%%%%%%%%%%%%%%%%%%%%%%%%%%%%%%%%%%%%

@Article{hundsdorfer01,
  author =       {W. Hundsdorfer},
  title =        {Partially implicit {BDF2} blends for
                  convection-dominated flows},
  journal =      {SIAM J. Numer. Anal.},
  year =         2001,
  volume =       38,
  number =       6,
  pages =        {1763-1783}
}

@InProceedings{hyp2004,
  author =       {M. Feistauer and V. Dolej\v{s}\'{\i} and V. Ku{\v
                  c}era},
  title =        {On a semi-implicit discontinuous {G}alerkin {FEM} for
                  the nonstationary compressible {E}uler equations},
  booktitle =    { Hyperbolic Probelms: Theory Numerics and
                  Applications},
  pages =        {391--398},
  year =         2006,
  editor =       {F. Asukara and H. Aiso and S. Kawashima and
                  A. Matsumura and S. Nishibata and K. Nishihara},
  address =      {Tenth international conference in Osaka, September
                  2004,},
  publisher =    {Yokohama Publishers, Inc.}
}

@InProceedings{hyp2006,
  author =       {V. Dolej\v{s}\'{\i}},
  title =        {Higher Order Numerical Schemes for Hyperbolic Systems
                  with an Application in Fluid Dynamics},
  booktitle =    {Hyperbolic Probelms: Theory Numerics and Applications},
  year =         {(submitted)},
  address =      {Eleventh international conference in Lyon, July 2006}
}

@Article{hyp_sol,
  author =       {V. Dolej{\v s}{\'\i} and J. Felcman},
  title =        {Numerical Methods for Hyperbolic Systems - Application
                  in Fluid Dynamics},
  journal =      {Engineering Mechanics},
  year =         2002,
  volume =       9,
  number =       3,
  pages =        {139-152}
}

@Article{iipg07,
  author =       {V. Dolej{\v s}{\'\i}},
  title =        {Analysis and application of {IIPG} method to
                  quasilinear nonstationary convection-diffusion
                  problems},
  journal =      {J. Comp. Appl. Math.},
  year =         2008,
  volume =       222,
  pages =        {251-273}
}

@InProceedings{ikeda,
  author =       "T. Ikeda",
  title =        "Maximum Principle in Finite Element Models for
                  Convection--Diffusion Phenomena",
  booktitle =    "Lecture Notes in Numerical and Applied Analysis",
  volume =       4,
  series =       {Mathematics Studies 76},
  publisher =    {North-Holland, Amsterdam -- New York -- Oxford},
  year =         1983
}

%%%%%%%%%%%%%%   21-FFM,

@Article{impl_eu,
  author =       {V. Dolej\v{s}\'{\i} and M. Feistauer},
  title =        {Semi-Implicit Discontinuous {G}alerkin Finite Element
                  Method for the Numerical Solution of Inviscid
                  Compressible Flow},
  journal =      {J. Comput. Phys.},
  year =         2004,
  volume =       198,
  number =       2,
  pages =        {727-746}
}

@Article{inexactNewton,
  author =       {R. S. Dembo and S. C. Eisenstat and T. Steihaug},
  title =        {Inexact Newton methods},
  journal =      {SIAM J. Numer. Anal.},
  year =         1982,
  volume =       19,
  pages =        {400-408}
}

@Article{inexactNewton2,
  author =       {S. C. Eisenstat and H.F. Walker},
  title =        {Choosing the forcing terms in inexact newton method},
  journal =      {SIAM J. Sci. Comput.},
  year =         1996,
  volume =       17,
  number =       1,
  pages =        {16-32}
}

@Article{infants,
  author =       {M. Breuss and V. Dolej\v{s}{\'\i} and A. Meister},
  title =        {On an adaptive method for heat conduction problems
                  with boundary layers},
  journal =      {ZAMM},
  year =         2006,
  volume =       2,
  number =       6,
  pages =        {450-463}
}

@Article{jaffre95,
  author =       {J. Jaffre and C. Johnson and A. Szepessy},
  title =        {Convergence of the discontinuous {G}alerkin finite
                  element method for hyperbolic conservation laws.},
  journal =      {Math. Models Methods Appl. Sci},
  year =         1995,
  volume =       5,
  number =       3,
  pages =        {367-286}
}

@Article{jp,
  author =       {C. Johnson and J. Pitk\"{a}ranta},
  title =        {An analysis of the discontinuous {G}alerkin method for
                  a scalar hyperbolic equation},
  journal =      {Math. Comp.},
  year =         1986,
  volume =       46,
  pages =        {1-26}
}

@Article{kanschat05:_block_ldg,
  author =       {G. Kanschat},
  title =        {Block preconditioners for LDG discretizations of
                  linear incompressible flow problems},
  journal =      {J. Sci. Comput. },
  year =         2005,
  volume =       {22-23},
  pages =        {371-384}
}

@InProceedings{khalfallah-lerat,
  author =       {C. Corre and K. Khalfallah and A. Lerat},
  title =        {An efficient relaxation method for a centred
                  {N}avier-{S}tokes solver},
  booktitle =    {Numerical Methods for Fluid Dynamics V.},
  year =         1995,
  editor =       {K.W. Morton and M.J. Baines},
  publisher =    {Oxford Science Publications}
}

@Article{klein,
  author =       {R. Klein},
  title =        {Semi-implicit extension of a Godunov-type scheme based
                  on low Mach number asymptotics 1: one-dimensional
                  flow},
  journal =      {J. Comput. Phys.},
  year =         1995,
  volume =       121,
  pages =        {213--237}
}

@Article{kozel,
  author =       {J. Fort and J. Furst and J. Halama and K. Kozel},
  title =        {Numerical Solution of Inviscid Transonic Flow through
                  3{D} Axial Blade Row},
  journal =      {ZAMM},
  year =         2000,
  volume =       80,
  number =       3,
  pages =        {607-608}
}

@PhdThesis{kuceraPhD,
  author =       {V. Ku\v{c}era},
  title =        {Higher order methods for the solution of compressible
                  flows},
  school =       {Charles University Prague, Faculty of Mathematics and
                  Physics},
  year =         2008
}

@MastersThesis{kus-DP,
  author =       {P. K\accent23us},
  title =        {Solution of convection--diffusion equations with
                  adaptive methods of higher order in space and time},
  school =       {Charles University Prague, Faculty of Mathematics and
                  Physics},
  year =         2006,
  note =         {(in Czech)}
}

@Article{kuzn,
  author =       {N. N. Kuznetsov},
  title =        {Accuracy of some approximate methods for computing the
                  weak solutions of a first--order quasi--linear
                  equation},
  journal =      {USSR. Comput. Math. Phys.},
  year =         1976,
  volume =       16,
  pages =        {105-119}
}

@Article{kybernetika,
  author =       {V. Dolej{\v s}{\'\i}},
  title =        {On the solution of linear algebraic systems arising
                  from the semi-implicit {DGFE} discretization of the
                  compressible {N}avier-{S}tokes equations},
  journal =      {Kybernetika},
  year =         {2010 },
  volume =       46,
  number =       2,
  pages =        {260-280}
}

@Article{lin_algeb,
  author =       {V. Dolej\v{s}\'{\i} and M. Hol{\'\i}k and J. Hozman},
  title =        {Efficient solution strategy for the semi-implicit
                  discontinuous {G}alerkin discretization of the
                  {N}avier-{S}tokes equations},
  journal =      {J. Comput. Phys.},
  year =         2011,
  volume =       230,
  pages =        {4176–4200},
  note =         {DOI: 10.1016/j.jcp.2010.10.029 }
}

@Article{louaked,
  author =       {M.  Louaked and L. Hanich and C. P. Thompson},
  title =        { Well-posedness of incompressible models of two- and
                  three-phase flow},
  journal =      {IMA J. Appl. Math.},
  year =         2003,
  volume =       68,
  number =       6,
  pages =        {595--620}
}

@InProceedings{lsr,
  author =       {P. Le{\,}Saint and P.--A. Raviart},
  title =        {On a finite element method for solving the neutron
                  transport equation},
  booktitle =    { Mathematical Aspects of Finite Elements in Partial
                  Differential Equations},
  pages =        {89-145},
  year =         1974,
  editor =       {C. de{\,}Boor},
  publisher =    {Academic Press, New York}
}

@Article{mallard:95,
  author =       {E. C. Mallard and C. E. Williams and B. M. Johnston
                  and P. D. Gluckman},
  title =        {Neuronal damage in the developing brain following
                  intrauterine asphyxia},
  journal =      {Reprod. Fertil. Dev.},
  year =         1995,
  volume =       7,
  pages =        {647-653}
}

@Book{meistr,
  author =       {A. Meister and J. Struckmeier},
  title =        {Hyperbolic Partial Differential Equations, Theory,
                  Numerics and Applications},
  publisher =    {Vieweg, Brauschweig/Wiesbaden},
  year =         2002
}

@Book{meshgeneration,
  author =       {P. J. Frey and P.-L. George},
  title =        {Mesh Generation--application to finite elements},
  publisher =    {Oxford \& Paris: Hermes Science Publishing},
  year =         2000
}

@Article{ms,
  author =       {J. M. Melenk and C. Schwab},
  title =        {An $hp$ finite element method for
                  convection--diffusion problems},
  journal =      {East--West J. Numer. Math},
  year =         1999,
  volume =       7,
  pages =        {31-60}
}
%%%%%%%%%%%%%%%%%%%%%%%%%%%%%%%%%%%%%%%%%%%%%%%%%%%%%%%%%%%

@Article{mw,
  author =       {J. J. H. Miller and S. Wang},
  title =        {A new non-conforming {P}etrov--{G}alerkin
                  finite-element method with triangular elements for a
                  singularly perturbed advection-diffusion problem},
  journal =      {IMA J. Numer. Anal.},
  year =         1994,
  volume =       14,
  pages =        {257--276}
}

@Book{necas,
  author =       {J. Ne{\v c}as},
  title =        {Les M{\'e}thodes Directes en Th{\`e}orie des Equations
                  Elliptiques},
  publisher =    {Academia, Prague},
  year =         1967
}

@Book{newton,
  author =       {P. Deuflhard},
  title =        {Newton Methods for Nonlinear Problems},
  publisher =    {Springer},
  year =         2004,
  volume =       35,
  series =       {Springer Series in Computational Mathematics}
}

@Article{nfao,
  author =       {V. Dolej{\v s}{\'\i} and M. Feistauer },
  title =        {Error estimates of the discontinuous {G}alerkin method
                  for nonlinear nonstationary convection-diffusion
                  problems},
  journal =      {Numer. Funct. Anal. Optim.},
  year =         2005,
  volume =       26,
  number =       {25-26},
  pages =        {2709-2733}
}

@Article{nitsche,
  author =       {J. A. Nitsche},
  title =        {Ein Kriterium für die Quasi-Optimalit\"at des
                  Ritzschen Verfahrens},
  journal =      {Numer. Math.},
  year =         1968,
  volume =       11,
  pages =        {346--346}
}

@Article{noether18,
  author =       {E. Noether},
  title =        {Invariante Variations probleme},
  journal =      {Nachrichten von der Gesellschaft der Wissenschaften zu
                  Göttingen, mathematisch-physikalische Klasse},
  year =         1918,
  pages =        {235-257}
}

@Proceedings{notes18,
  title =        {Numerical Simulation of Compressible {N}avier-{S}tokes
                  Flows},
  year =         1987,
  editor =       {M. O. Bristeau and R. Glowinski and J. Periaux and
                  H. Viviand},
  volume =       18,
  series =       {Notes on Numerical Fluid Mechanics},
  publisher =    {Vieweg, Braunschweig}
}

@Article{nsdgm,
  author =       {V. Dolej{\v s}{\'\i}},
  title =        {On the Discontinuous {G}alerkin Method for the
                  Numerical Solution of the {N}avier--{S}tokes
                  Equations},
  journal =      {Int. J. Numer. Methods Fluids},
  year =         2004,
  volume =       45,
  pages =        {1083--1106}
}

@Article{obb,
  author =       {J. T. Oden and I. Babu\v{s}ka and C. E. Baumann},
  title =        {A discontinuous $hp$ finite element method for
                  diffusion problems},
  journal =      {J. Comput. Phys.},
  year =         1998,
  volume =       146,
  pages =        {491-519}
}

		  
		  		  
		  
		  
		  
%%%%%%%%%%%%%%%%%%%%%%%%%%%%%%%%%%%%%%%%%%%%%%%%%%%%%%%%%%%%

@Article{order,
  author =       {J. Felcman and V. Dolej{\v s}\'\i},
  title =        {Investigation of accuracy for higher order finite
                  volume schemes},
  journal =      {Engineering Mechanics},
  year =         1998,
  volume =       5,
  number =       5,
  pages =        "327-337"
}

@Article{ostermann04,
  author =       {A. Ostermann and M. Thalhammer and G. Kirlinger},
  title =        {Stability of linear multistep methods and applications
                  to nonlinear parabolic problems},
  journal =      {Appl. Numer. Math.},
  year =         2004,
  volume =       48,
  pages =        {389-3407}
}

@Article{pares-castro,
  author =       {C. Par\`es and M. Castro},
  title =        {On the well-balance property of {R}oe's method for
                  nonconservative hyperbolic systems.  {A}pplication to
                  shallow-water systems.},
  journal =      {M2AN},
  year =         2004,
  volume =       38,
  number =       5,
  pages =        {821-852}
}

@Article{pares06,
  author =       {C. Pare´s},
  title =        {Numerical methods for nonconservative hyperbolic
                  systems: a theoretical framework},
  journal =      {SIAM J. Numer. Anal.},
  year =         2006,
  volume =       44,
  pages =        300
}

@InProceedings{pascal,
  author =       {J. M. Ghidaglia and F. Pascal},
  title =        {Footbridges finite volumes -- finite elements},
  booktitle =    {C. R. Acad. Sc, Ser. I, Math. 328},
  volume =       8,
  year =         1999,
  organization = {Paris},
  pages =        {711-716}
}

@TechReport{pascal1,
  author =       {F. Pascal and J. M. Ghidaglia},
  title =        {Footbridges between finite volumes and finite elements
                  with application to CFD},
  institution =  {University Paris--Sud},
  year =         2001,
  note =         {(preprint)}
}

@TechReport{prpaodro,
  author =       {S. Prudhomme and F. Pascal and J.T. Oden and
                  A. Romkes},
  title =        {Review of a priori error estimation fo discontinuous
                  {G}alerkin methods},
  institution =  {Laboratoire de Mathematiques, Universite Paris-Sud},
  year =         2002,
  number =       {RT 00-02}
}

@Article{pw,
  author =       {L. E. Payne and H. F. Weinberger},
  title =        {An optimal Poincar\'e inequality for convex domains},
  journal =      {Archive for Rational Mechanics and Analysis},
  year =         1961,
  volume =       11,
  pages =        {286-292}
}

@TechReport{ringleb,
  author =       {G. Chiocchia},
  title =        {Exact solutions to transonic and superesonic flows},
  institution =  {Center for Aerospace Information, NASA},
  year =         1985,
  number =       {AGARD-AR-211}
}

@InCollection{riv-whee,
  author =       {B.~Rivi\`ere and M.~F.~Wheeler},
  title =        {A discontinuous {G}alerkin method applied to nonlinear
                  parabolic equations},
  booktitle =    {Discontinuous {G}alerkin methods. Theory, computation
                  and applications.},
  pages =        {231-244},
  publisher =    {Berlin, Springer},
  year =         2000,
  editor =       {B. Cockburn and G. E. Karniadakis and C.-W. Schu},
  volume =       11,
  series =       {Lect. Notes Comput. Sci. Eng.}
}

@Book{riviere-book,
  author =       {B. Rivi{\`e}re},
  title =        {Discontinuous {G}alerkin Methods for Solving Elliptic
                  and Parabolic Equations: Theory and Implementation},
  publisher =    {Society for Industrial and Applied Mathematics,
                  Philadelphia},
  year =         2008,
  series =       {Frontiers in Applied Mathematics}
}

@InCollection{riviere-wheeler,
  author =       {B.~Rivi\`ere and M.~F.~Wheeler},
  title =        {A discontinuous {G}alerkin method applied to nonlinear
                  parabolic equations},
  booktitle =    {Discontinuous {G}alerkin methods. Theory, computation
                  and applications.},
  pages =        {231-244},
  publisher =    {Berlin, Springer},
  year =         2000,
  editor =       {B. Cockburn and G. E. Karniadakis and C.-W. Schu},
  volume =       11,
  series =       {Lect. Notes Comput. Sci. Eng.}
}

@Article{riviere-wheeler-CM,
  author =       {B.~Rivi\`ere and M.~F.~Wheeler},
  title =        {Non-conforming methods for transport with nonlinear
                  reaction},
  journal =      {Contemp. Math.},
  year =         2002,
  volume =       295,
  pages =        {421-432}
}

@Article{roe-1,
  author =       {P. L. Roe},
  title =        {Approximate {R}iemann solvers, parameter vectors, and
                  difference schemes},
  journal =      {J. Comput. Phys.},
  year =         1981,
  volume =       43,
  number =       2,
  pages =        {357--372}
}

@Article{roller,
  author =       {S. Roller and C.-D. Munz and K.J. Geratz and and
                  R. Klein},
  title =        {The multiple pressure variables method for weakly
                  compressible fluids},
  journal =      {Z. Angew. Math. Mech.},
  year =         1997,
  volume =       77,
  pages =        {481--484}
}

@Book{roubicek,
  author =       {T. Roub{\'\i}{\v c}ek},
  title =        {Nonlinear Partial Differential Equations with
                  Applications},
  publisher =    {Birkh\"{a}user, Basel, Boston, Berlin},
  year =         2005
}

@Article{rusanov,
  author =       {V. V. Rusanov},
  title =        {Calculation of interaction of non-steady shock waves
                  with obstacles},
  journal =      {J. Comp. Math. Phys. USSR},
  year =         1961,
  volume =       1,
  pages =        {267--279}
}

@Article{saad,
  author =       {Y. Saad and M. H. Schultz},
  title =        {{GMRES}: A generalized minimal residual algorithm for
                  solving nonsymmetric linear systems},
  journal =      {SIAM J. Sci. Stat. Comput.},
  year =         1986,
  volume =       7,
  pages =        {856--869}
}

@Book{sam,
  author =       {A. A. Samarskii and P. N. Vabishchevich},
  title =        {Numerical Methods for the Solution of
                  Convection-Diffusion Problems},
  publisher =    {Publisher URSS, Moscow},
  year =         1999,
  note =         {(in Russian)}
}

@InProceedings{sanm05,
  author =       {V. Dolej{\v s}{\'\i}},
  title =        {Higher order semi-implicit discontinuous {G}alerkin
                  finite element schemes for compressible flow
                  simulation},
  booktitle =    {Software and Algorithms of Numerical Mathematics,
                  Srn{\'\i}, Bohemia},
  pages =        {41-57},
  year =         2006,
  editor =       {I. Marek}
}

@InProceedings{sanm05-KucFei,
  author =       {V. Ku{\v c}era and M. Feistauer},
  title =        {Discontinuous {G}alerkin method for compressible
                  flows},
  booktitle =    {Software and Algorithms of Numerical Mathematics},
  year =         {(submitted) 2005}
}

@InProceedings{schoberl,
  author =       {T. Apel and S. Nicaise and J. Sch{\"o}berl},
  title =        {Finite element methods with anisotropic meshes near
                  edges},
  booktitle =    {Finite Element Methods for Three-dimensional Problems},
  year =         2001,
  editor =       {P. Neittaanm{\"a}ki and M. K{\v r}{\'{\i}}{\v z}ek},
  publisher =    {GAKKOTOSHO CO., LTD},
  series =       {GAKUTO Internat. Series, Math. Sci. Appl.},
  volume =       15,
  address =      {Tokyo},
  organization = {University of Jyv{\"a}skyl{\"a}},
  pages =        {1-8}
}

@PhdThesis{schotzau-PhD,
  author =       {D. Sch{\"o}tzau},
  title =        {{\it hp}-{DGFEM} for Parabolic Evolution Problems.
                  Applications to Diffusion and Viscous Incompressible
                  Flow},
  school =       {ETH Z{\"u}rich},
  year =         1999
}

@TechReport{schwabetal,
  author =       {P. Houston and C. Schwab and E. S{\"u}li},
  title =        {Discontinuous $hp--$finite element method for
                  advection--diffusion problems},
  institution =  {SAM ETH Z{\"u}rich},
  year =         2000,
  number =       {Research Report No. 2000--07}
}

@Article{semi-implicit,
  author =       {R. Keppens and G. T{\'o}th and M. A. Botchev and
                  A. van der Ploeg},
  title =        {Implicit and semi-immplicit schemes: Algorithms},
  journal =      {Int. J. Numer. Meth. Fluids},
  year =         1999,
  volume =       30,
  pages =        {335-352}
}

@Article{simpson,
  author =       {R. B. Simpson},
  title =        {Anisotropic mesh transformations and optimal error
                  control},
  journal =      {Applied Numer. Math.},
  year =         1994,
  volume =       14,
  pages =        {183-198}
}

@Article{sobfei,
  author =       {V. Sobot\'{\i}kov\'a and M. Feistauer},
  title =        {On the effect of numerical integration in the DGFEM
                  for nonlinear convection-diffusion problems},
  journal =      {Numer. Methods Partial Differ. Eq},
  year =         2007,
  volume =       23,
  pages =        {1368-1395}
}

@Book{spek,
  author =       {S.~P.~Spekreijse},
  title =        {Multigrid Solution of the Steady {E}uler Equations},
  publisher =    {Centre for Mathematics and Computer Science,
                  Amsterdam},
  year =         1988
}

@Article{sweby,
  author =       {P. K. Sweby},
  title =        {High resolution schemes using flux limiters for
                  hyperbolic conservation laws},
  journal =      {SIAM J. Numer. Anal.},
  year =         1984,
  volume =       21,
  pages =        {995-1011}
}

@book{thomee,
  author =       "V. Thom\'ee",
  title =        "{{G}alerkin finite element methods for parabolic
                  problems. 2nd revised and expanded ed.}",
  publisher =    "{Berlin, Springer}",
  year =         2006,
}

@Article{toselli,
  author =       {A. Toselli},
  title =        {$hp$ discontinuous {G}alerkin approximations for the
                  {S}tokes problem},
  journal =      {Math. Models Methods Appl. Sci},
  year =         2002,
  volume =       12,
  number =       11,
  pages =        {1565-1597}
}

@Article{toumi,
  author =       {I. Toumi and A. Kumbaro},
  title =        {An approximate linearized {R}iemann solver for a
                  two-fluid model},
  journal =      {J. Comput. Phys.},
  year =         1996,
  volume =       124,
  number =       2,
  pages =        {286-300}
}

@Article{toumi2,
  author =       {I. Toumi},
  title =        {A weak formulation of {R}oe's approximate {R}iemann
                  solver},
  journal =      {J. Comput. Phys.},
  year =         1992,
  volume =       102,
  pages =        {360-373}
}

@Article{varah80,
  author =       {J. M. Varah},
  title =        {Stability restrictions on second order, three level
                  finite difference scheme for parabolic equations},
  journal =      {SIAM J. Numer. Anal.},
  year =         1980,
  volume =       17,
  number =       2,
  pages =        {300-309}
}

@Article{vegt08:discon_galer,
  author =       {S. Rhebergen and O. Bokhove and J. J. W. van der Vegt},
  title =        {Discontinuous {G}alerkin finite element methods for
                  hyperbolic nonconservative partial differential
                  equations.},
  journal =      {J. Comput. Phys.},
  year =         2008,
  volume =       227,
  number =       3,
  pages =        {1887-1922}
}

@Article{vegt1,
  author =       {J.~J.~W.~van~der~Vegt and H.~van~der~Ven},
  title =        {Space-time discontinuous {G}alerkin finite element
                  method with dynamic grid motion for inviscid
                  compressible flows.  {I}: General formulation},
  journal =      {J. Comput. Phys.},
  number =       2,
  year =         2002,
  volume =       182,
  pages =        {546-585}
}

@Article{vegt2,
  author =       {H.~van der Ven and J.~J.~W.~van der Vegt},
  title =        {Space-time discontinuous {G}alerkin finite element
                  method with dynamic grid motion for inviscid
                  compressible flows {II}.  Efficient flux quadrature},
  journal =      {Comput. Methods Appl. Mech. Engrg.},
  year =         2002,
  volume =       191,
  pages =        {4747-4780}
}

@Article{vegt_sudirham_damme,
  author =       {J.J. Sudirham and J.J.W. van der Vegt and R.M.J. van
                  Damme},
  title =        {Space-time discontinuous {G}alerkin method for
                  advection-diffusion problems on time-dependent
                  domains},
  journal =      {Appl. Numer. Math.},
  year =         2006,
  volume =       56,
  number =       12,
  pages =        {1491-1518}
}

@Book{verfurth-book,
  author =       {R. Verf\"{u}rth},
  title =        {A review of a posteriori error estimation and adaptive
                  mesh-refinement techniques.},
  publisher =    {Chichester: John Wiley \& Sons. Stuttgart},
  year =         1996,
  series =       {Wiley-Teubner Series Advances in Numerical
                  Mathematics}
}

@Article{verfurth2,
  author =       {R. Verf\"{u}rth},
  title =        {A note on polynomial approximation in {S}obolev
                  spaces},
  journal =      {M{$^2$}AN Math. Model. Numer. Anal.},
  year =         1999,
  volume =       33,
  pages =        {715-719}
}

@Book{watkins,
  author =       {D.~S.~Watkins},
  title =        {Fundamentals of Matrix Computations},
  publisher =    {A John Wiley \& Sons, Inc., Publications},
  year =         2002,
  series =       {Pure and Applied Mathematics, Wiley-Interscience
                  Series of Texts, Monographs, and Tracts}
}

@Book{wess,
  author =       {P.~Wesseling},
  title =        {Principles of Computational Fluid Dynamics},
  publisher =    {Springer, Berlin},
  year =         2001
}

@Article{wseas06a,
  author =       {V. Dolej\v{s}\'{\i}},
  title =        {Discontinuous {G}alerkin method for the numerical
                  simulation of unsteady compressible flow},
  journal =      {WSEAS Transactions on Systems},
  year =         2006,
  volume =       5,
  number =       5,
  pages =        {1083--1090}
}

@InProceedings{wseas06p,
  author =       {V. Dolej\v{s}\'{\i}},
  title =        {Numerical simulation of inviscid compressible flow by
                  higher order numerical schemes},
  booktitle =    {Proceeding of The 8th WSEAS International Conference
                  on Automatic Ccontrol, Modeling and Simulation},
  pages =        {405-410},
  year =         2006,
  editor =       {D. Biolek and M. Stork and M. Husak and Y. Li and
                  J. Jakovenko},
  address =      {Prague},
  month =        {March 12-14}
}

@InProceedings{zhao01,
  author =       {H. Zhai and R. Osher and R. Fedkiw},
  title =        {Fast surface reconstruction using the level set
                  method},
  booktitle =    {Proceedings of IEEE Workshop on Variational and Level
                  Set Methods in Computer Vision},
  pages =        {194-201},
  year =         2001
}

@Article{zlamal,
  author =       {M. Zl{\'a}mal},
  title =        {Curved elements in finite element method},
  journal =      {SIAM J. Numer. Anal.},
  year =         1974,
  volume =       11,
  pages =        {347-362}
}

@book{AinOde:2000,
  title =        {{A posteriori error estimation in finite element
                  analysis}},
  author =       {Ainsworth, M. and Oden, J.T.},
  isbn =         9780471294115,
  lccn =         {lc00039915},
  series =       {Pure and applied mathematics},
  url =          {http://books.google.cz/books?id=_HligpOKcjoC},
  year =         2000,
  publisher =    {John Wiley}
}

@article{Ern2010114,
  title =        "Guaranteed and robust discontinuous Galerkin a
                  posteriori error estimates for
                  convection-diffusion-reaction problems",
  journal =      "Journal of Computational and Applied Mathematics",
  volume =       234,
  number =       1,
  pages =        "114--130",
  year =         2010,
  doi =          "DOI: 10.1016/j.cam.2009.12.009",
  url =
                  "http://www.sciencedirect.com/science/article/B6TYH-4XY4K0H-2/2/2bfc52717f1b7094766ccf8d85e12133",
  author =       "Alexandre Ern and Annette F. Stephansen and Martin
                  Vohralík",
  keywords =     "Convection-diffusion-reaction equation",
  keywords =     "Discontinuous Galerkin methods",
  keywords =     "A posteriori error estimates",
  keywords =     "Robustness",
  keywords =     "Dominant convection",
  keywords =     "Dominant reaction",
  keywords =     "Inhomogeneous and anisotropic diffusion"
}

@unpublished{AinVej:2010,
  title =        {{Fully computable robust a posteriori error bounds for
                  singularly perturbed reaction-diffusion problems}},
  author =       {M. Ainsworth and T. Vejchodsk{\'{y}}},
  journal =      {submitted to Numer. Math.},
  year =         2010
}

@book{BabStr:2001,
  title =        {{The finite element method and its reliability}},
  author =       {I. Babu{\v{s}}ka and T. Strouboulis},
  booktitle =    {{Numerical Mathematics and Scientific Computation}},
  address =      {New York},
  year =         2001,
  publisher =    {The Clarendon Press and Oxford University Press}
}

@article{BabEtal:1994,
  title =        {{Pollution-error in the $h$-version of the
                  finite-element method and the local quality of a
                  posteriori error estimators}},
  author =       {I. Babu{\v{s}}ka and T. Strouboulis and A. Mathur and
                  C. S. Upadhyay},
  journal =      {Finite Elem. Anal. Des.},
  pages =        {273 - 321},
  volume =       17,
  number =       4,
  year =         1994
}

@incollection{BanRan:2003,
  title =        {{Adaptive finite element methods for differential
                  equations}},
  author =       {W. Bangerth and R. Rannacher},
  booktitle =    {{Lectures in Mathematics ETH Z\"urich.}},
  address =      {Basel},
  year =         2003,
  publisher =    {Birkh\"auser Verlag}
}

@book{NeiRep:2004,
  title =        {{Reliable methods for computer simulation}},
  author =       {P. Neittaanm{\"a}ki and S. Repin},
  journal =      {Science},
  series =       {Studies in Mathematics and its Applications},
  volume =       33,
  address =      {Amsterdam},
  year =         2004,
  publisher =    {Elsevier Science B.V.}
}

@article{OdeFen:1996,
  title =        {{Local and pollution error estimation for finite
                  element approximations of elliptic boundary value
                  problems}},
  author =       {J. T. Oden and Y. Feng},
  journal =      {J. Comput. Appl. Math.},
  pages =        {245 - 293},
  volume =       74,
  number =       {1 - 2},
  year =         1996
}

@book{Repin:2008,
  title =        {{A posteriori estimates for partial differential
                  equations}},
  author =       {S. Repin},
  series =       {Radon Series on Computational and Applied Mathematics},
  volume =       4,
  address =      {Berlin},
  year =         2008,
  publisher =    {Walter de Gruyter GmbH \& Co. KG}
}

@book{Verfurth:1996,
  title =        {{A review of a posteriori error estimation and
                  adaptive mesh-refinement techniques}},
  author =       {R. Verf{\"u}rth},
  address =      {Stuttgart},
  year =         1996,
  publisher =    {Wiley-Teubner, Chichester}
}

@article{Kuzmin20093448,
  title =        "A constrained finite element method satisfying the
                  discrete maximum principle for anisotropic diffusion
                  problems",
  journal =      "Journal of Computational Physics",
  volume =       228,
  number =       9,
  pages =        "3448 - 3463",
  year =         2009,
  issn =         "0021-9991",
  doi =          "DOI: 10.1016/j.jcp.2009.01.031",
  url =
                  "http://www.sciencedirect.com/science/article/B6WHY-4VJM31G-1/2/aa63bfa739b81bb3f20fb26b1255e194",
  author =       "D. Kuzmin and M.J. Shashkov and D. Svyatskiy",
  keywords =     "Anisotropic diffusion",
  keywords =     "Discrete maximum principle",
  keywords =     "Nonnegativity constraints",
  keywords =     "Finite element method",
  keywords =     "Gradient recovery",
  keywords =     "Slope limiting"
}

﻿

@article {Houston2002,
  author =       {Houston, Paul and Jensen, Max and Süli, Endre},
  title =        {hp-Discontinuous Galerkin Finite Element Methods with
                  Least-Squares Stabilization},
  journal =      {Journal of Scientific Computing},
  publisher =    {Springer Netherlands},
  issn =         {0885-7474},
  keyword =      {Mathematics and Statistics},
  pages =        {3-25},
  volume =       17,
  issue =        1,
  url =          {http://dx.doi.org/10.1023/A:1015180009979},
  note =         {10.1023/A:1015180009979},
  year =         2002
}

@article{guermond:714,
  author =       {J. L. Guermond},
  title =        {A Finite Element Technique for Solving First-Order
                  PDEs in {$L^p$}},
  publisher =    {SIAM},
  year =         2004,
  journal =      {SIAM Journal on Numerical Analysis},
  volume =       42,
  number =       2,
  pages =        {714-737},
  keywords =     {finite elements; least-squares; first-order PDEs;
                  nonsmooth optimization},
  url =          {http://link.aip.org/link/?SNA/42/714/1},
  doi =          {10.1137/S0036142902417054}
}

@Manual{elmer,
  title =        {Elmer - an open source finite element software for
                  multiphysical problems},
  author =       {P. Råback},
  url =          {http://www.csc.fi/english/pages/elmer},
  year =         2010,
}

@Manual{hermes,
  title =        {Hermes - Higher-Order Modular Finite Element System
                  (User's Guide)},
  author =       {P. Solin},
  url =          {http://hpfem.org/},
  year =         2010,
}

@article{deal2,
  author =       {Bangerth, W. and Hartmann, R. and Kanschat, G.},
  title =        {deal.II \- A general-purpose object-oriented finite
                  element library},
  journal =      {ACM Trans. Math. Softw.},
  volume =       33,
  issue =        4,
  month =        {August},
  year =         2007,
  issn =         {0098-3500},
  articleno =    24,
  url =          {http://doi.acm.org/10.1145/1268776.1268779},
  doi =          {http://doi.acm.org/10.1145/1268776.1268779},
  acmid =        1268779,
  publisher =    {ACM},
  address =      {New York, NY, USA},
  keywords =     {Object-orientation, software design},
}

@article{fenics,
  author =       {Logg, Anders and Wells, Garth N.},
  title =        {DOLFIN: Automated finite element computing},
  journal =      {ACM Trans. Math. Softw.},
  volume =       37,
  issue =        2,
  month =        {April},
  year =         2010,
  issn =         {0098-3500},
  pages =        {20:1--20:28},
  articleno =    20,
  numpages =     28,
  url =          {http://doi.acm.org/10.1145/1731022.1731030},
  doi =          {http://doi.acm.org/10.1145/1731022.1731030},
  acmid =        1731030,
  publisher =    {ACM},
  address =      {New York, NY, USA},
  keywords =     {DOLFIN, FEniCS project, code generation, form
                  compiler},
}

@article{Hughes,
Author = {Hughes, TJR and Cottrell, JA and Bazilevs, Y},
Title = {{Isogeometric analysis: CAD, finite elements, NURBS, exact geometry and
   mesh refinement}},
Journal = {{Computer methods in applied mechanics and engineering}},
Year = {{2005}},
Volume = {{194}},
Number = {{39-41}},
Pages = {{4135-4195}},
}

@Article{juettler1,
author =  {M. D\"orfel and B. J\"uttler and B. Simeon},
title =  {Adaptive isogeometric analysis by local $h$-refinement with 
 {T}-splines},
journal =  {Computer Methods in Applied Mechanics and Engineering},
year =  2010,
volume=199,
pages={264-175},
}

@InProceedings{juettler2,
author =  {M. Aigner and C. Heinrich and B. J\"uttler and
 E. Pilgerstorfer and B. Simeon and A.-V. Vuong},
title =  {Swept Volume Parameterization for Isogeometric Analysis},
booktitle = {The Mathematics of Surfaces XIII},
year = {2009},
editor =  {E. Hancock and R. Martin},
series =  {Lecture Notes in Computer Science},
publisher = {Springer},
pages = {19--44},
volume = {5654},
}


